@techreport{SETIS2011,
    title = {{2011 Technology map of the European strategic energy technology plan (SET-Plan). Technology descriptions}},
    year = {2011},
    author = {{SETIS}},
    url = {http://setis.ec.europa.eu/about-setis/technology-map/2011_Technology_Map1.pdf/view},
    institution = {JRC-IET, European Commission}
}

@techreport{Tribus1962,
    title = {{A Contribution to the Theory of Thermoeconomics}},
    year = {1962},
    author = {Tribus, M and Evans, E},
    number = {62},
    institution = {University of California, Los Angeles}
}

@inproceedings{Gaggioli1987,
    title = {{A Critical Review of Second Law Costing Methods}},
    year = {1987},
    booktitle = {Proceedings of the IV Internatonal Symposium on Second Law Analysis of thermal Systems},
    author = {Gaggioli, Richard A and El-Sayed, Yehia M},
    pages = {59--73},
    organization = {ASME}
}

@inproceedings{Lazzaretto2003,
    title = {{A critical review of the thermoeconomic diagnosis methodologies for the location of causes of malfunctions in energy Systems}},
    year = {2003},
    booktitle = {Journal of Energy Resources Technology, Transactions of the ASME},
    author = {Lazzaretto, A and Toffolo, A},
    number = {4},
    pages = {345--354},
    volume = {128},
    url = {http://www.scopus.com/scopus/inward/record.url?eid=2-s2.0-33845464380&partnerID=40&rel=R6.5.0 http://www.scopus.com/scopus/inward/record.url?eid=2-s2.0-1842426734&partnerID=40&rel=R6.5.0}
}

@inproceedings{ECT86,
    title = {{A General Theory of Energy Saving. Part I: On Exergy Cost}},
    year = {1986},
    booktitle = {Computer-Aided Engeeniering and Energy Systems. ASME Book No. H00341C. AES},
    author = {Valero, A and Lozano, M A and Mu{\~{n}}oz, M},
    editor = {Gaggioli, R},
    pages = {1--8},
    volume = {3},
    publisher = {ASME, NY}
}

@inproceedings{Valeroetal1986III,
    title = {{A general theory of exergy saving. III. Energy saving and thermoeconomics}},
    year = {1986},
    booktitle = {Computer-aided engineering and energy systems},
    author = {Valero, A and Mu{\~{n}}oz, M and Lozano, M},
    editor = {Gaggioli, R A},
    pages = {17--21},
    series = {Vol. 3: Second law analysis and modeling},
    publisher = {ASME},
    address = {New York}
}

@inproceedings{Valero1986a,
    title = {{A General Theory of Exergy Saving. Part I: On the Exergetic Cost}},
    year = {1986},
    booktitle = {Computer-Aided Enegineering and Energy Systems},
    author = {Valero, A and Lozano, M A and Mu{\~{n}}oz, M},
    editor = {Gaggioli, R},
    series = {Second Law Analysis and Modelling - AES},
    volume = {3},
    organization = {The American Society of Mechanical Engineers},
    address = {USA}
}

@inproceedings{Enviro93,
    title = {{A global environomic approach for energy system analysis and optimization}},
    year = {1993},
    booktitle = {Energy Systems and ecology ENSEC'93. Cracow, Poland},
    author = {Frangopoulos, C A and von Spakovsky, M R},
    pages = {123--144}
}

@article{PokooAikins2010412,
    title = {{A multi-criteria approach to screening alternatives for converting sewage sludge to biodiesel}},
    year = {2010},
    journal = {Journal of Loss Prevention in the Process Industries},
    author = {Pokoo-Aikins, Grace and Heath, Aubrey and Mentzer, Ray A and Mannan, M Sam and Rogers, William J and El-Halwagi, Mahmoud M},
    number = {3},
    pages = {412--420},
    volume = {23},
    url = {http://www.sciencedirect.com/science/article/pii/S0950423010000173},
    doi = {http://dx.doi.org/10.1016/j.jlp.2010.01.005},
    issn = {0950-4230}
}

@article{Erlach2001,
    title = {{A new approach for assigning costs and fuels to cogeneration products}},
    year = {2001},
    journal = {International Journal of Applied Thermodynamics},
    author = {Erlach, B and Tsatsaronis, G and Cziesla, F},
    number = {3},
    pages = {145--156},
    volume = {4},
    url = {http://www.scopus.com/scopus/inward/record.url?eid=2-s2.0-0035456764&partnerID=40&rel=R6.5.0}
}

@inproceedings{Toffolo2003,
    title = {{A new thermoeconomic method for the location of causes of malfunctions in energy systems}},
    year = {2003},
    booktitle = {Journal of Energy Resources Technology, Transactions of the ASME},
    author = {Toffolo, A and Lazzaretto, A},
    number = {1},
    pages = {355--364},
    volume = {129},
    url = {http://www.scopus.com/scopus/inward/record.url?eid=2-s2.0-1842426737&partnerID=40&rel=R6.5.0 http://www.scopus.com/scopus/inward/record.url?eid=2-s2.0-34248149006&partnerID=40&rel=R6.5.0}
}

@inproceedings{Verda2001b,
    title = {{A procedure for filtering the induced effects in the thermoeconomic diagnosis of an energy system}},
    year = {2001},
    booktitle = {American Society of Mechanical Engineers, Advanced Energy Systems Division (Publication) AES},
    author = {Verda, V and Serra, L and Valero, A},
    pages = {447--455},
    volume = {41},
    url = {http://www.scopus.com/scopus/inward/record.url?eid=2-s2.0-0346753499&partnerID=40&rel=R6.5.0}
}

@inproceedings{Tsatsaronis1987,
    title = {{A Review of Exergoeconomic Methodologies}},
    year = {1987},
    booktitle = {International Symposium on Second Law Analysis of Thermal Systems},
    author = {Tsatsaronis, G},
    editor = {{ASME}},
    pages = {81--87},
    series = {ASME Book I00236},
    organization = {The American Society of Mechanical Engineers},
    address = {New York}
}

@article{Verda2001a,
    title = {{A thermoeconomic approach for the analysis of district heating systems}},
    year = {2001},
    journal = {International Journal of Applied Thermodynamics},
    author = {Verda, V and Borchiellini, R and Cali, M},
    number = {4},
    pages = {183--190},
    volume = {4},
    url = {http://www.scopus.com/scopus/inward/record.url?eid=2-s2.0-0035719277&partnerID=40&rel=R6.5.0}
}

@inproceedings{Verda2006,
    title = {{A thermoeconomic based tool for the real-time management of a cogenerative combined cycle}},
    year = {2006},
    booktitle = {American Society of Mechanical Engineers, Advanced Energy Systems Division (Publication) AES},
    author = {Verda, V and Chirio, M and Ponta, A},
    pages = {--},
    url = {http://www.scopus.com/scopus/inward/record.url?eid=2-s2.0-34249808842&partnerID=40&rel=R6.5.0}
}

@book{Ayres-Ayres1999,
    title = {{Accounting for resources, 2: the life cycle of materials}},
    year = {1999},
    author = {Ayres, R U and Ayres, L W},
    publisher = {Edward Elgar Publishing Ltd.}
}

@article{Verda2006a,
    title = {{Accuracy level in thermoeconomic diagnosis of energy systems}},
    year = {2006},
    journal = {Energy},
    author = {Verda, V},
    number = {15},
    pages = {3248--3260},
    volume = {31},
    url = {http://www.scopus.com/scopus/inward/record.url?eid=2-s2.0-33748306143&partnerID=40&rel=R6.5.0}
}

@inproceedings{TOTAL2013,
    title = {{Advanced biofuels in the energy mix and their industralisation in Europe}},
    year = {2013},
    booktitle = {AEBIOM European Bioenergy Conference 2013},
    author = {Gillmann, Marc}
}

@inproceedings{Mittelbach2013,
    title = {{Advanced biofuels. Definition, technical and non-technical barriers}},
    year = {2013},
    booktitle = {European Sustainable Biofuels Forum (ESBF), Stakeholders Committee Meeting},
    author = {Mittelbach, Martin}
}

@inproceedings{Correas2000,
    title = {{Advanced Operation Diagnosis for Power Plants. Performance Monitoring and Cost Assessment in Puertollano IGCC}},
    year = {2000},
    booktitle = {Proceedings of PowerGen Europe 2000},
    author = {Garcia-Pena, F and Galvez, A and Correas, L and Casero, P},
    address = {Helsinki}
}

@article{El-Sayed1993,
    title = {{Advances in the methodologies of optimal thermal design}},
    year = {1993},
    journal = {Desalination},
    author = {El-Sayed, Yehia M},
    number = {1-3},
    pages = {79--101},
    volume = {92},
    url = {http://www.scopus.com/scopus/inward/record.url?eid=2-s2.0-0027625268&partnerID=40&rel=R6.5.0}
}

@techreport{Sikes2011,
    title = {{Algae as a feedstock for biofuels, an assessment of the current status and potential for algal biofuels production}},
    year = {2011},
    author = {Sikes, Karen and McGill, Ralph and Van Walwijk, Martijn},
    url = {http://www.iea-amf.vtt.fi/pdf/annex34b_joint_t39_algal_biofuels_summary_report_sept2011.pdf},
    institution = {IEA Advanced Motor Fuels Implementing Agreement and IEA Bioenergy Task 39}
}

@inproceedings{Valero1988a,
    title = {{Algebraic thermodynamic analysis of energy systems}},
    year = {1988},
    booktitle = {American Society of Mechanical Engineers, Advanced Energy Systems Division (Publication) AES},
    author = {Valero, A and Torres, C},
    pages = {13--23},
    volume = {7},
    url = {http://www.scopus.com/scopus/inward/record.url?eid=2-s2.0-0024173009&partnerID=40&rel=R6.5.0}
}

@inproceedings{Valero1988,
    title = {{Algebraic Thermodynamics of Energy Systems}},
    year = {1988},
    booktitle = {Approaches to the design and optimization of thermal systems},
    author = {Valero, A and Torres, C},
    pages = {13--24},
    volume = {9},
    publisher = {ASME}
}

@article{Agudelo2012a,
    title = {{Allocation of waste cost in thermoeconomic analysis}},
    year = {2012},
    journal = {Energy},
    author = {Agudelo, Andrés and Valero, Antonio and Torres, César},
    number = {1},
    month = {9},
    pages = {634--643},
    volume = {45},
    url = {http://www.sciencedirect.com/science/article/pii/S0360544212005646},
    doi = {10.1016/j.energy.2012.07.034},
    issn = {03605442},
    keywords = {Allocation of waste, Formation process of the cost of waste, Symbolic exergoeconomics, Thermoeconomics}
}

@article{Russi20081169,
    title = {{An integrated assessment of a large-scale biodiesel production in Italy: killing several birds with one stone?}},
    year = {2008},
    journal = {Energy Policy},
    author = {Russi, Daniela},
    number = {3},
    pages = {1169--1180},
    volume = {36},
    url = {http://www.sciencedirect.com/science/article/pii/S0301421507005083},
    doi = {10.1016/j.enpol.2007.11.016},
    issn = {0301-4215},
    keywords = {Biodiesel}
}

@techreport{OILECO2013,
    title = {{Analyses of the state of the art, main barriers and market potential of UCOs}},
    year = {2011},
    author = {Istv�n, Zsolt},
    institution = {Project OILECO, supported by the Intelligent Energy -- Europe (IEE) Programme of the European Commision}
}

@article{Royo1997a,
    title = {{Analysis and evaluation of malfunctions in thermomechanical systems}},
    year = {1997},
    journal = {American Society of Mechanical Engineers, Advanced Energy Systems Division (Publication) AES},
    author = {Royo, J and Zaleta, A and Valero, A},
    pages = {103--108},
    volume = {37},
    url = {http://www.scopus.com/scopus/inward/record.url?eid=2-s2.0-0031361055&partnerID=40&rel=R6.5.0}
}

@article{Modesto2006,
    title = {{Analysis of a repowering proposal to the power generation system of a steel mill plant through the exergetic cost method}},
    year = {2006},
    journal = {Energy},
    author = {Modesto, M and Nebra, S A},
    number = {15},
    pages = {3261--3277},
    volume = {31},
    url = {http://www.scopus.com/scopus/inward/record.url?eid=2-s2.0-33748316564&partnerID=40&rel=R6.5.0}
}

@article{Venturi2003235,
    title = {{Analysis of energy comparison for crops in European agricultural systems}},
    year = {2003},
    journal = {Biomass and Bioenergy},
    author = {Venturi, Piero and Venturi, Gianpietro},
    number = {3},
    pages = {235--255},
    volume = {25},
    url = {http://www.sciencedirect.com/science/article/pii/S0961953403000151},
    doi = {10.1016/S0961-9534(03)00015-1},
    issn = {0961-9534},
    keywords = {Oil crops}
}

@inproceedings{Lazaretto1992,
    title = {{Analytical-symbolic method of thermoeconomic optimization of an energy recovery and cogeneration system}},
    year = {1992},
    booktitle = {ECOS '92 International Symposium},
    author = {Lazaretto, A and Macor, A and Mirandola, A and Reini, M},
    pages = {183--190},
    url = {http://www.scopus.com/scopus/inward/record.url?eid=2-s2.0-0026971536&partnerID=40&rel=R6.5.0}
}

@techreport{CIEMAT2005,
    title = {{An�lisis de ciclo de vida de combustibles alternativos para el transporte. Fase I. An�lisis de ciclo de vida comparativo del biodiesel de cereales y de la gasolina}},
    year = {2005},
    author = {Lechon, Yolanda and Cabal, Helena and la Rua, Cristina and Lago, Carmen and Izquierdo, Lucila and S�ez, Rosa Maria and Fdez. San Miguel, Montserrat},
    institution = {Ministerio de Educaci�n y Ciencia y Ministerio de Medio Ambiente}
}

@book{Wepfer1980,
    title = {{Application of Available-Energy Accounting.}},
    year = {1980},
    author = {Wepfer, J W},
    editor = {Gaggioli, R A},
    publisher = {American Chemical Society}
}

@article{Arena1999,
    title = {{Application of different productive structures for thermoeconomic diagnosis of a combined cycle power plant}},
    year = {1999},
    journal = {International Journal of Thermal Sciences},
    author = {Arena, A P and Borchiellini, R},
    number = {7},
    pages = {601--612},
    volume = {38},
    url = {http://www.scopus.com/scopus/inward/record.url?eid=2-s2.0-0013214894&partnerID=40&rel=R6.5.0}
}

@article{Spakovsky1994a,
    title = {{Application of engineering functional analysis to the analysis and optimization of the CGAM problem}},
    year = {1994},
    journal = {Energy},
    author = {von Spakovsky, Michael R},
    number = {3},
    pages = {343--364},
    volume = {19},
    url = {http://www.scopus.com/scopus/inward/record.url?eid=2-s2.0-0028393247&partnerID=40&rel=R6.5.0}
}

@inproceedings{Torres1989,
    title = {{Application of symbolic exergoeconomics to thermal system simulation}},
    year = {1989},
    booktitle = {American Society of Mechanical Engineers, Heat Transfer Division, (Publication) HTD},
    author = {Torres, C and Valero, A and Cortes, C},
    pages = {75--84},
    volume = {124},
    url = {http://www.scopus.com/scopus/inward/record.url?eid=2-s2.0-0024775276&partnerID=40&rel=R6.5.0}
}

@inproceedings{Valero1987,
    title = {{Application of the Exergetic Cost Theory to a Steam Boiler in a Thermal Generating Station}},
    year = {1987},
    booktitle = {ASME AES: Computer-Aided Engineering and Energy Systems},
    author = {Valero, A and Lozano, M A},
    editor = {M. J. Moran S. S. Steco, G M Reistad},
    number = {2},
    pages = {41--51},
    series = {ASME Book: G0377B},
    volume = {3},
    url = {http://www.scopus.com/scopus/inward/record.url?eid=2-s2.0-0023570480&partnerID=40&rel=R6.5.0},
    organization = {ASME},
    address = {New York}
}

@article{Valero1994,
    title = {{Application of the exergetic cost theory to the CGAM problem}},
    year = {1994},
    journal = {Energy},
    author = {Valero, A and Lozano, M A and Serra, L and Torres, C},
    number = {3},
    pages = {365--381},
    volume = {19},
    url = {http://www.scopus.com/scopus/inward/record.url?eid=2-s2.0-0028401094&partnerID=40&rel=R6.5.0}
}

@article{Misra2002,
    title = {{Application of the exergetic cost theory to the LiBr/H2O vapour absorption system}},
    year = {2002},
    journal = {Energy},
    author = {Misra, R D and Sahoo, P K and Gupta, A},
    number = {11},
    pages = {1009--1025},
    volume = {27},
    url = {http://www.scopus.com/scopus/inward/record.url?eid=2-s2.0-0036843599&partnerID=40&rel=R6.5.0}
}

@article{Valero1994a,
    title = {{Application of the exergy cost theory to the CGAM problem}},
    year = {1994},
    journal = {Energy},
    author = {Valero, A and Lozano, M A and Serra, L and Torres, C},
    number = {3},
    pages = {365--381},
    volume = {19}
}

@phdthesis{Marin1986,
    title = {{Application of the Exergy to the Energy Analysis of Thermal Systems}},
    year = {1986},
    author = {Marin, J M},
    school = {University of Zaragoza}
}

@article{YM1970,
    title = {{APPLICATION OF THE THERMOECONOMIC APPROACH TO THE ANALYSIS AND OPTIMIZATION OF A VOPOR-COMPRESSION DESALTING SYSTEM}},
    year = {1970},
    journal = {J Eng Power Trans ASME},
    author = {YM, ELSAYED and AJ, APLENC},
    number = {1},
    pages = {17--26},
    volume = {92 Ser A},
    url = {http://www.scopus.com/scopus/inward/record.url?eid=2-s2.0-0014705810&partnerID=40&rel=R6.5.0}
}

@article{Spakovsky1994,
    title = {{Application of the Thermoeconomic Functinal Approach to the CGAM Problem}},
    year = {1994},
    journal = {ENERGY, The International Journal},
    author = {Spakovsky, R M Von},
    pages = {343--364},
    volume = {19}
}

@article{Frangopoulos1994,
    title = {{Application of the thermoeconomic functional approach to the CGAM problem}},
    year = {1994},
    journal = {Energy},
    author = {Frangopoulos, Christos A},
    number = {3},
    pages = {323--342},
    volume = {19},
    url = {http://www.scopus.com/scopus/inward/record.url?eid=2-s2.0-0028397540&partnerID=40&rel=R6.5.0}
}

@article{Valero2010,
    title = {{Application of thermoeconomics to industrial ecology}},
    year = {2010},
    journal = {Entropy},
    author = {Valero, Antonio and Us{\'{o}}n, Sergio and Torres, César and Valero, Alicia},
    number = {3},
    pages = {591--612},
    volume = {12},
    url = {http://www.mdpi.com/1099-4300/12/3/591},
    keywords = {Exergy, Industrial ecology, Thermoeconomics, Waste treatment}
}

@article{valero2010b,
    title = {{Application of thermoeconomics to industrial ecology}},
    year = {2010},
    journal = {Entropy},
    author = {Valero, Antonio and Us{\'{o}}n, Sergio and Torres, C and Valero, Alicia},
    number = {3},
    pages = {591--612},
    volume = {12},
    url = {http://www.mdpi.com/1099-4300/12/3/591},
    doi = {10.3390/e12030591},
    issn = {1099-4300}
}

@inproceedings{Olsommer1997,
    title = {{Approach for the time-dependent thermoeconomic modeling and optimization of energy system synthesis, design and operation}},
    year = {1997},
    booktitle = {Proceedings of the International Conference on Thermodynamic Analysis and Improvement of Energy Systems, TAIES'97},
    author = {Olsommer, B and von Spakovsky, M R and Favrat, D},
    pages = {321--339},
    url = {http://www.scopus.com/scopus/inward/record.url?eid=2-s2.0-0031343760&partnerID=40&rel=R6.5.0}
}

@article{Valero1996a,
    title = {{Ash fouling in coal-fired utility boilers. Monitoring and optimization of on-load cleaning}},
    year = {1996},
    journal = {Progress in Energy and Combustion Science},
    author = {Valero, A and Corte?s, C},
    number = {2},
    pages = {189--200},
    volume = {22},
    url = {http://www.scopus.com/scopus/inward/record.url?eid=2-s2.0-0029720186&partnerID=40&rel=R6.5.0}
}

@techreport{Peters2012,
    title = {{Assessing grandfathering options under an EU ILUC policy}},
    year = {2012},
    author = {Peters, Daan and van den Bos, Arno and van de Staaij, Jasper},
    institution = {ECOFYS}
}

@techreport{IFPRI2011,
    title = {{Assessing the land use change consequences of European biofuel policies. Final report}},
    year = {2011},
    author = {Laborde, David},
    url = {http://trade.ec.europa.eu/doclib/docs/2011/october/tradoc_148289.pdf},
    institution = {IFPRI}
}

@article{FontdeMora2012a,
    title = {{Assessment of biodiesel energy sustainability using the exergy return on investment concept}},
    year = {2012},
    journal = {Energy},
    author = {Font de Mora, Emilio and Torres, César and Valero, Antonio},
    number = {1},
    month = {9},
    pages = {474--480},
    volume = {45},
    url = {http://www.sciencedirect.com/science/article/pii/S0360544212001867},
    doi = {10.1016/j.energy.2012.02.072},
    issn = {03605442},
    keywords = {Biodiesel, EROI, Exergy, Exergy cost, FAME, Sustainability}
}

@article{FontdeMora2012,
    title = {{Assessment of biodiesel energy sustainability using the exergy return on investment concept}},
    year = {2012},
    journal = {Energy},
    author = {de Mora, Emilio and Torres, Cesar and Valero, Antonio},
    number = {1},
    pages = {474--480},
    volume = {45},
    url = {http://www.sciencedirect.com/science/article/pii/S0360544212001867},
    doi = {10.1016/j.energy.2012.02.072},
    issn = {0360-5442},
    keywords = {Biodiesel}
}

@misc{ASTM7566,
    title = {{ASTM D7566 -- 13. Standard specification for aviation turbine fuel containing synthesized hydrocarbons}},
    url = {http://www.astm.org/Standards/D7566.htm#an00001}
}

@phdthesis{Reistad1970,
    title = {{Availability: Concepts and Applications}},
    year = {1970},
    author = {Reistad, G M},
    school = {University of Wisconsin, USA}
}

@inproceedings{Reini1995,
    title = {{Average Structural and Marginal Cost as result of a unified formulation of the the termoeconomic problem}},
    year = {1995},
    booktitle = {Proceeding of Second Law Analysis of Energy Systems. Towards the 21st century},
    author = {Reini, M and Lazareto, A and Macor, A},
    pages = {Roma, Italy}
}

@article{Cziesla2006,
    title = {{Avoidable thermodynamic inefficiencies and costs in an externally fired combined cycle power plant}},
    year = {2006},
    journal = {Energy},
    author = {Cziesla, F and Tsatsaronis, G and Gao, Z},
    number = {10},
    pages = {1472--1489},
    volume = {31},
    url = {http://www.sciencedirect.com/science?_ob=GatewayURL&_origin=ScienceSearch&_method=citationSearch&_piikey=S0360544205001593&_version=1&_returnURL=&md5=eedc2d65d9277a658746437df0cd3d3b}
}

@inproceedings{Cortes1992,
    title = {{Benefits of computer systems integration for energy management in coal power stations}},
    year = {1992},
    booktitle = {American Society of Mechanical Engineers, Advanced Energy Systems Division (Publication) AES},
    author = {Cortes, C and Valero, A and Torres, C and Tomas, A},
    pages = {91--99},
    volume = {27},
    url = {http://www.scopus.com/scopus/inward/record.url?eid=2-s2.0-0026964080&partnerID=40&rel=R6.5.0}
}

@misc{EFMA,
    title = {{Best available techniques for pollution prevention and control in the European fertilizer industry, booklet No. 4 of 8: production of phosphoric acid}},
    year = {2000},
    author = {{EFMA}}
}

@article{Sciubba2001,
    title = {{Beyond thermoeconomics? The concept of Extended Exergy Accounting and its application to the analysis and design of...}},
    year = {2001},
    journal = {Exergy},
    author = {Sciubba, E},
    number = {2},
    pages = {68--84},
    volume = {1},
    url = {http://www.sciencedirect.com/science?_ob=GatewayURL&_origin=ScienceSearch&_method=citationSearch&_piikey=S1164023501000127&_version=1&_returnURL=&md5=68964a73e1abe0726fb2afb550ae5e3c}
}

@techreport{Bustos2007,
    title = {{Biocarburantes y desarrollo sostenible. Mitos y realidades}},
    year = {2007},
    author = {Bustos, Manuel and de Mora, Emilio},
    institution = {APPA, Spanish Renewable Energy Association}
}

@article{Ezieshi2008,
    title = {{Biochemical evaluation of millet offal as feeds for broiler chickens}},
    year = {2008},
    journal = {Pakistan Journal of Nutrition},
    author = {Ezieshi, E V and J.M, Olomu},
    pages = {421--425},
    volume = {7},
    url = {http://www.pjbs.org/pjnonline/ab702.htm}
}

@phdthesis{Nisworo2005,
    title = {{Biodiesel by supercritical transesterification: process design and economic feasibility}},
    year = {2005},
    author = {Nisworo, Adrian P},
    url = {http://alexandria.tue.nl/repository/books/629823.pdf},
    school = {Department of Chemical Engineering and Chemistry, Eindhoven University of Technology (Technische Universiteit Eindhoven)}
}

@techreport{OConnor2011,
    title = {{Biodiesel GHG emissions, past, present and future}},
    year = {2011},
    author = {O'Connor, Don},
    url = {http://www.task39.org/LinkClick.aspx?fileticket=E5r1rznoEzU%3D&tabid=4348},
    institution = {IEA Bioenergy Task 39}
}

@techreport{Arcari2007,
    title = {{Biodiesel in Australia, benefits, issues and opportunities for local government uptake}},
    year = {2007},
    author = {Arcari, Paula},
    url = {http://www.iclei.org/fileadmin/user_upload/documents/ANZ/CCP/CCP-AU/Projects/Biodiesel/BiodieselReportMain_V14_071018.pdf},
    institution = {ICLEI}
}

@article{Mondala20091203,
    title = {{Biodiesel production by in situ transesterification of municipal primary and secondary sludges}},
    year = {2009},
    journal = {Bioresource Technology},
    author = {Mondala, Andro and Liang, Kaiwen and Toghiani, Hossein and Hernandez, Rafael and French, Todd},
    number = {3},
    pages = {1203--1210},
    volume = {100},
    url = {http://www.sciencedirect.com/science/article/pii/S0960852408007207},
    doi = {http://dx.doi.org/10.1016/j.biortech.2008.08.020},
    issn = {0960-8524}
}

@article{Zhang2003,
    title = {{Biodiesel production from waste cooking oil: 1. Process design and technological assessment}},
    year = {2003},
    journal = {Bioresource Technology},
    author = {Zhang, Y and Dub�, M A and McLean, D D and Kates, M},
    pages = {1--16},
    volume = {89},
    url = {http://www.ncbi.nlm.nih.gov/pubmed/12676496}
}

@book{Mittelbach2004,
    title = {{Biodiesel: the comprehensive handbook}},
    year = {2004},
    author = {Mittelbach, M and Remschmidt, C},
    publisher = {Boersedruck Ges.m.b.H}
}

@article{FontdeMoraEEI2012,
    title = {{Bioenergy Markets in the EU - How Intelligent Energy-Europe is Contributing}},
    year = {2012},
    journal = {European Energy Innovation},
    author = {de Mora, Emilio and Vivarelli, Silvia and Dubolino, Dario},
    pages = {12--13},
    volume = {Summer 201},
    url = {http://www.europeanenergyinnovation.eu/Articles/Autumn2012/BioenergyMarketsintheEU.aspx}
}

@article{Berndes2010,
    title = {{Bioenergy, land-use change and climate change mitigation}},
    year = {2010},
    journal = {Bioenergy:ExCo:2010:03},
    author = {Berndes, G and Bird, N and Cowie, A},
    volume = {3},
    url = {www.ieabioenergy.com}
}

@techreport{IPCC2011,
    title = {{Bioenergy. In IPCC special report on renewable energy sources and climate change mitigation}},
    year = {2011},
    author = {Chum, H and Faaij, A and Moreira, J and Berndes, G and Dhamija, P and Dong, H and Gabrielle, B and Eng, A Goss and Lucht, W and Mapako, M and Cerutti, O Masera and McIntyre, T and Minowa, T and Pingoud, K},
    url = {http://srren.ipcc-wg3.de/report/IPCC_SRREN_Ch02.pdf},
    institution = {IPCC}
}

@techreport{Rutz2008,
    title = {{Biofuel technology handbook}},
    year = {2008},
    author = {Rutz, Dominik and Janssen, Rainer},
    institution = {Project Biofuel Marketplace, supported by the Intelligent Energy -- Europe Programme (IEE) of the European Commission}
}

@techreport{Hamelinck20132,
    title = {{Biofuels and food security. Risks and opportunities}},
    year = {2013},
    author = {Hamelinck, Carlo},
    url = {http://www.ecofys.com/files/files/ecofys-2013-biofuels-and-food-security.pdf},
    institution = {Ecofys by order of ePURE}
}

@techreport{EurObservER2012,
    title = {{Biofuels barometer}},
    year = {2012},
    author = {{EurObserv'ER Project}},
    url = {http://www.eurobserv-er.org/downloads.asp},
    institution = {Supported by the Intelligent Energy -- Europe (IEE) Programme of the European Commission}
}

@misc{BiofuelsTP,
    title = {{Biofuels production. Advanced biofuels}},
    author = {{European Biofuels Technology Platform}},
    url = {http://www.biofuelstp.eu/fuelproduction.html#second}
}

@misc{BIOMAP,
    title = {{BIOMAP - Time-enabled mapping and dissemination tool for biofuel projects}},
    institution = {European Commission}
}

@techreport{Kristofel2011,
    title = {{Biomass report}},
    year = {2011},
    author = {Krist�fel, Christa and Wopienka, Elisabeth},
    url = {http://www.mixbiopells.eu/fileadmin/user_upload/WP2/D2_3_biomass_report_enhanced_final_2.pdf},
    institution = {MixBioPells project, supported by the Intelligent Energy -- Europe (IEE) Programme of the European Commission}
}

@techreport{BIOScopes2007,
    title = {{BIOScopes. Fatty acid ethyl esters}},
    year = {2007},
    author = {Hamelinck, Carlo and Schober, Sigurd and Mittelbach, Martin and Verolet, Julien and Dehue, Bart},
    institution = {BIOScopes: Biodiesel Improvement On Standards, Coordination of Producers and Ethanol Studies}
}

@article{Uson2004,
    title = {{Building operations maps: An effective tool for improving gasifier operations in IGCC power plants}},
    year = {2004},
    journal = {International Journal of Thermodynamics},
    author = {Uso?n, S and Valero, A and Rangel, V},
    number = {4},
    pages = {157--164},
    volume = {7},
    url = {http://www.scopus.com/scopus/inward/record.url?eid=2-s2.0-13444312070&partnerID=40&rel=R6.5.0}
}

@inproceedings{Hamelinck2013,
    title = {{Calculating greenhouse gas savings from biofuels}},
    year = {2013},
    booktitle = {European Sustainable Biofuels Forum (ESBF), Stakeholders Committee Meeting},
    author = {Hamelinck, Carlo}
}

@techreport{Durham2012,
    title = {{Can biofuels policy work for food security?}},
    year = {2012},
    author = {Durham, C and Davies, G and Bhattacharyya, T},
    institution = {DEFRA}
}

@misc{CCME2007,
    title = {{Canadian water quality guidelines: imidacloprid. Scientific supporting document}},
    year = {2007},
    author = {{Canadian Council of Ministries of the Environment}}
}

@misc{CARS21,
    title = {{CARS 21 High level group on the competitiveness and sustainable growth of the automotive industry in the European Union. Final report 2012}},
    year = {2012},
    url = {http://ec.europa.eu/enterprise/sectors/automotive/files/cars-21-final-report-2012_en.pdf}
}

@misc{UFOP41,
    title = {{Chart of the week (41). Oilseed meal prices in decline}},
    author = {{UFOP}},
    url = {http://www.ufop.de/english/news/chart-of-the-week/archive-chart-of-the-week/},
    institution = {German Union of Vegetable Oil and Meal Producers}
}

@inproceedings{Tsatsaronis1989a,
    title = {{Chemical Exergy in Exergoeconomics}},
    year = {1989},
    booktitle = {Proceedings of the International Symposium of Thermodynamics Analysis and Improvement of Energy Systems},
    author = {Tsatsaronis, G and Pisa, J J and Gallego, L M},
    pages = {195--200},
    address = {Beijing China}
}

@book{Mido1995,
    title = {{Chemistry for agriculture and ecology}},
    year = {1995},
    author = {Mido, Y and Satake, M},
    publisher = {Discovery Publishing House}
}

@inproceedings{Tricas2013,
    title = {{Clean Power for Transport package. An EU sustainable alternative fuels strategy including the appropriate infrastructure. The role of biofuels}},
    year = {2013},
    booktitle = {AEBIOM European Bioenergy Conference 2013},
    author = {Tricas, Antonio}
}

@misc{UNIDO2003,
    title = {{Cleaner Production Toolkit, Volume 3 - Material flow analysis}},
    author = {{UNIDO}},
    url = {http://www.unido.org/resources/publications/energy-and-environment/industrial-energy-efficiency/cp-toolkit-english.html},
    institution = {UNIDO}
}

@misc{Isquisa,
    title = {{Cloruro de potasio. Ficha t�cnica}},
    author = {{ISQUISA}},
    url = {http://www.isquisa.com/site/files/productos/Cloruro_de_Potasio.pdf}
}

@article{Uson2004a,
    title = {{Co-gasification of coal and biomass in an IGCC power plant: Gasifier modeling}},
    year = {2004},
    journal = {International Journal of Thermodynamics},
    author = {Uso?n, S and Valero, A and Correas, L and Marti?nez, A?.},
    number = {4},
    pages = {165--172},
    volume = {7},
    url = {http://www.scopus.com/scopus/inward/record.url?eid=2-s2.0-13444257902&partnerID=40&rel=R6.5.0}
}

@misc{Greenhouse06,
    title = {{CO2 Capture in Power Generation}},
    year = {2006},
    author = {Program, I E A Greenhouse-gas R&D},
    url = {http://www.ieagreen.co.uk}
}

@techreport{IEA20122,
    title = {{CO2 emissions from fuel combustion. Highlights}},
    year = {2012},
    author = {{IEA}},
    url = {http://www.iea.org/publications/freepublications/publication/CO2emissionfromfuelcombustionHIGHLIGHTS.pdf},
    institution = {OECD/IEA}
}

@misc{COM/160/16,
    title = {{Communication from the Commission on the practical implementation of the EU biofuels and bioliquids sustainability scheme and on counting rules for biofuels}},
    year = {2010},
    author = {{European Commission}},
    url = {http://eur-lex.europa.eu/LexUriServ/LexUriServ.do?uri=OJ:C:2010:160:0008:01:EN:HTML},
    howpublished = {COM/160/16}
}

@misc{Iowa,
    title = {{Comparative composition of various oilseed meals}},
    author = {{Iowa Soybean Association}},
    url = {http://www.soymeal.org/table1.html}
}

@inproceedings{Lazzaretto2001,
    title = {{Comparison between speco-based and functional exergoeconomic approaches}},
    year = {2001},
    booktitle = {American Society of Mechanical Engineers, Advanced Energy Systems Division (Publication) AES},
    author = {Lazzaretto, A and Tsatsaronis, G},
    pages = {463--478},
    volume = {41},
    url = {http://www.scopus.com/scopus/inward/record.url?eid=2-s2.0-0348014459&partnerID=40&rel=R6.5.0}
}

@techreport{Paulin2008,
    title = {{Compost production and use in horticulture}},
    year = {2008},
    author = {Paulin, Bob and O'Malley, Peter},
    url = {http://www.agric.wa.gov.au/objtwr/imported_assets/content/hort/compost_bulletin08.pdf},
    institution = {Western Australian Agriculture Authority}
}

@article{Zaleta-Aguilar2007,
    title = {{Concept on thermoeconomic evaluation of steam turbines}},
    year = {2007},
    journal = {Applied Thermal Engineering},
    author = {Zaleta-Aguilar, A and Correas-Uson, L and Kubiak-Szyszka, J and Sierra-Espinosa, F Z},
    number = {2},
    pages = {457--466},
    volume = {27},
    url = {http://www.sciencedirect.com/science?_ob=GatewayURL&_origin=ScienceSearch&_method=citationSearch&_piikey=S1359431106002742&_version=1&_returnURL=&md5=fa33bf8fcb70ba008605d75fa48c6cba}
}

@phdthesis{Zaleta1997,
    title = {{Conceptos Sobre el Diagnstico y la Evaluacin Termoeconmica de Turbinas de Vapor}},
    year = {1997},
    author = {Zaleta, A},
    school = {University of Zaragoza}
}

@article{Zaleta2007,
    title = {{Concepts on dynamic reference state, acceptable performance tests, and the equalized reconciliation method as a strategy for a reliable on-line thermoeconomic monitoring and diagnosis}},
    year = {2007},
    journal = {Energy},
    author = {Zaleta, A and Chavez, J P and Pacheco, J J and Santos, A and Campos, A and Gallegos, A},
    number = {4},
    pages = {499--507},
    volume = {32},
    url = {http://www.scopus.com/scopus/inward/record.url?eid=2-s2.0-33845631942&partnerID=40&rel=R6.5.0}
}

@inproceedings{Zaleta-Aguilar2001,
    title = {{Concepts on thermoeconomic evaluation of steam turbines}},
    year = {2001},
    booktitle = {Proceedings of the International Joint Power Generation Conference},
    author = {Zaleta-Aguilar, A and Correas-Uson, L and Kubiak-Szyszka, J},
    pages = {307--314},
    volume = {2},
    url = {http://www.scopus.com/scopus/inward/record.url?eid=2-s2.0-1242309855&partnerID=40&rel=R6.5.0}
}

@techreport{Urbanchuk2012,
    title = {{Contribution of biofuels to the global economy}},
    year = {2012},
    author = {Urbanchuk, John M},
    url = {http://www.mvo.nl/Portals/0/duurzaamheid/biobrandstoffen/nieuws/2012/05/Global_Economic_Impact_of_Biofuels_FINAL.pdf},
    institution = {Global Renewable Fuels Association}
}

@misc{Uche2012,
    title = {{Contributions of El-Sayed to the computer thermoeconomic analysis of dual-purpose power and desalination plants.}},
    year = {2012},
    booktitle = {International Journal of Thermodynamics},
    author = {Uche, Javier and Valero, Antonio and Serra, Luis and Torres, César},
    number = {4},
    pages = {215--220},
    volume = {15},
    url = {http://ijoticat.com/article/view/1034000421},
    doi = {10.5541/ijot.1034000421},
    issn = {2146-1511},
    keywords = {Desalination, Thermoeconomics},
    language = {en}
}

@article{Angerbauer20083051,
    title = {{Conversion of sewage sludge into lipids by lipomyces starkeyi for biodiesel production}},
    year = {2008},
    journal = {Bioresource Technology},
    author = {Angerbauer, C and Siebenhofer, M and Mittelbach, M and Guebitz, G M},
    number = {8},
    pages = {3051--3056},
    volume = {99},
    url = {http://www.sciencedirect.com/science/article/pii/S0960852407005111},
    doi = {http://dx.doi.org/10.1016/j.biortech.2007.06.045},
    issn = {0960-8524},
    keywords = {Lipids}
}

@article{Lapuerta2009,
    title = {{Correlation for the estimation of the cetane number of biodiesel fuels and implications on the iodine number}},
    year = {2009},
    journal = {Energy Policy},
    author = {Lapuerta, M and Rodr�guez-Fern�ndez, J and de Mora, E},
    number = {11},
    pages = {4337--4344},
    volume = {37},
    url = {http://www.sciencedirect.com/science/article/pii/S0301421509003930},
    doi = {10.1016/j.enpol.2009.05.049},
    issn = {0301-4215},
    keywords = {Biodiesel}
}

@inproceedings{Tsatsaronis1992,
    title = {{Cost-of-electricity minimization in the design of IGCC power plant}},
    year = {1992},
    booktitle = {ECOS '92 International Symposium},
    author = {Tsatsaronis, G and Pisa, J and Lin, L and Tawfic, T},
    pages = {465--473},
    url = {http://www.scopus.com/scopus/inward/record.url?eid=2-s2.0-0026995185&partnerID=40&rel=R6.5.0}
}

@article{Navia2012,
    title = {{Could sewage sludge be considered a source of waste lipids for biodiesel production?}},
    year = {2012},
    journal = {Waste Management and Research},
    author = {Navia, Rodrigo and Mittelbach, Martin},
    pages = {873--874},
    volume = {30(9)},
    url = {http://wmr.sagepub.com/content/30/9/873.full.pdf+html?rss=1}
}

@inproceedings{Tsatsaronis1990,
    title = {{Course in thermoeconomics}},
    year = {1990},
    booktitle = {American Society of Mechanical Engineers, Advanced Energy Systems Division (Publication) AES},
    author = {Tsatsaronis, George},
    pages = {7--13},
    volume = {20},
    url = {http://www.scopus.com/scopus/inward/record.url?eid=2-s2.0-0025591264&partnerID=40&rel=R6.5.0}
}

@article{Ayoub20122671,
    title = {{Critical review on the current scenario and significance of crude glycerol resulting from biodiesel industry towards more sustainable renewable energy industry}},
    year = {2012},
    journal = {Renewable and Sustainable Energy Reviews},
    author = {Ayoub, Muhammad and Abdullah, Ahmad Zuhairi},
    number = {5},
    pages = {2671--2686},
    volume = {16},
    url = {http://www.sciencedirect.com/science/article/pii/S1364032112000664},
    doi = {10.1016/j.rser.2012.01.054},
    issn = {1364-0321},
    keywords = {Crude glycerol}
}

@techreport{Kristofel2011b,
    title = {{Critical review on the pelletizing technology, combustion technology and industrial-scale systems}},
    year = {2012},
    author = {Zeng, Thomas and Kallio, Markku and Ovarainen, Heikki},
    url = {http://www.mixbiopells.eu/fileadmin/user_upload/WP3/D31_Critical_Review_about_pelletising_and_combustion_technology_FINAL.pdf},
    institution = {MixBioPells project, supported by the Intelligent Energy -- Europe (IEE) Programme of the European Commission}
}

@article{Morris1987,
    title = {{Cumulative exergy consumption and cumulative degree of perfection of chemical processes.}},
    year = {1987},
    journal = {Energy Research},
    author = {Szargut, J and Morris, D R},
    number = {11},
    pages = {245--261},
    volume = {11}
}

@techreport{Ahlenius2006,
    title = {{Current and potential arable land use in Africa}},
    year = {2006},
    author = {Ahlenius, Hugo},
    url = {http://www.grida.no/graphicslib/detail/current-and-potential-arable-land-use-in-africa_a9fd#},
    institution = {UNEP/GRID-Arenda}
}

@unpublished{Valero1986b,
    title = {{Curso de Analisis Termoeconomico de Procesos Industriales y Ahorro Energetico}},
    year = {1986},
    author = {Valero, A}
}

@unpublished{Torres2001,
    title = {{Curso de Doctorado: Termoeconomia}},
    year = {2001},
    author = {Torres, C and VAlero, A}
}

@inproceedings{El-Sayed1988,
    title = {{Decomposition strategy for the thermoeconomic optimization of a given system configuration}},
    year = {1988},
    booktitle = {American Society of Mechanical Engineers, Advanced Energy Systems Division (Publication) AES},
    author = {El-Sayed, Y M},
    pages = {41--47},
    volume = {7},
    url = {http://www.scopus.com/scopus/inward/record.url?eid=2-s2.0-0024177535&partnerID=40&rel=R6.5.0}
}

@article{El-Sayed1989,
    title = {{Decomposition strategy for thermoeconomic optimization}},
    year = {1989},
    journal = {Journal of Energy Resources Technology, Transactions of the ASME},
    author = {El-Sayed, Y M},
    number = {3},
    pages = {111--120},
    volume = {111},
    url = {http://www.scopus.com/scopus/inward/record.url?eid=2-s2.0-0024731283&partnerID=40&rel=R6.5.0}
}

@article{Rancruel2006,
    title = {{Decomposition with thermoeconomic isolation applied to the optimal synthesis/design and operation of an advanced tactical aircraft system}},
    year = {2006},
    journal = {Energy},
    author = {Rancruel, D F and von Spakovsky, M R},
    number = {15},
    pages = {3327--3341},
    volume = {31},
    url = {http://www.scopus.com/scopus/inward/record.url?eid=2-s2.0-33748294268&partnerID=40&rel=R6.5.0}
}

@article{Rancruel2003,
    title = {{Decomposition with thermoeconomic isolation applied to the optimal synthesis/design of an advanced tactical aircraft system}},
    year = {2003},
    journal = {International Journal of Thermodynamics},
    author = {Rancruel, D F and Von Spakovsky, M R},
    number = {3},
    pages = {93--105},
    volume = {6},
    url = {http://www.scopus.com/scopus/inward/record.url?eid=2-s2.0-1542501597&partnerID=40&rel=R6.5.0}
}

@misc{FontdeMora2013,
    title = {{Defossilisation assessment of biodiesel life cycle production using the ExROI indicator}},
    year = {2013},
    booktitle = {International Journal of Thermodynamics},
    author = {Font de Mora, Emilio and Torres, César and Valero, Antonio and Zambrana, David},
    number = {2},
    pages = {81--86},
    volume = {16},
    url = {http://ijoticat.com/article/view/1034000452},
    doi = {10.5541/ijot.1034000452},
    issn = {2146-1511},
    keywords = {Biodiesel, ExROI, defossilisation, exergy cost},
    language = {en}
}

@inproceedings{FontdeMora2012b,
    title = {{Defossilisation assessment of biodiesel life cycle production using the ExROI indicator}},
    year = {2012},
    booktitle = {Proceedings of ECOS 2012. The 25th International Conference on Efficiency, Cost, Optimization, Simulation and Environmental Impact of Energy Systems (June 26-29, 2012, Perugia, Italy)},
    author = {de Mora, Emilio and Torres, Cesar and Valero, Antonio and Zambrana, David},
    pages = {240--249},
    url = {http://www.scopus.com/scopus/inward/record.url?eid=2-s2.0-0031388275&partnerID=40&rel=R6.5.0}
}

@techreport{CONAMA2009,
    title = {{Desarrollo y aplicaciones de los biocarburantes}},
    year = {2009},
    author = {Balda, Mikel and de Mora, Emilio and Contreras, Trini and Manso, Amparo},
    url = {http://www.conama9.org/conama9/download/files/GTs/GT_BIOC//BIOC_final.pdf},
    institution = {Congreso Nacional del Medio Ambiente, Madrid}
}

@article{Spakovsky1989,
    title = {{Design and performance optimization of thermal system components}},
    year = {1989},
    journal = {Journal of Energy Resources Technology, Transactions of the ASME},
    author = {von Spakovsky, M R and Evans, R B},
    number = {4},
    pages = {231--238},
    volume = {111},
    url = {http://www.scopus.com/scopus/inward/record.url?eid=2-s2.0-0024932144&partnerID=40&rel=R6.5.0}
}

@article{Spakovsky1990,
    title = {{Design and performance optimization of thermal systems}},
    year = {1990},
    journal = {Journal of Engineering for Gas Turbines and Power},
    author = {von Spakovsky, M R and Evans, R B},
    number = {1},
    pages = {86--93},
    volume = {112},
    url = {http://www.scopus.com/scopus/inward/record.url?eid=2-s2.0-0025207415&partnerID=40&rel=R6.5.0}
}

@inproceedings{Tsatsaronis1992a,
    title = {{Design optimization of IGCC power plants}},
    year = {1992},
    booktitle = {Proceedings of the American Power Conference},
    author = {Tsatsaronis, George and Lin, Lan and Pisa, Javier and Tawfik, Tarek},
    number = {pt 2},
    pages = {1220--1225},
    volume = {54},
    url = {http://www.scopus.com/scopus/inward/record.url?eid=2-s2.0-0026961321&partnerID=40&rel=R6.5.0}
}

@incollection{LozanoValero1986,
    title = {{Determinaci�n de la exerg�a para sustancias de inter�s industrial}},
    year = {1986},
    booktitle = {Ingenier�a Qu�mica},
    author = {Lozano, M A and Valero, A},
    publisher = {Universidad de Zaragoza}
}

@techreport{Hill2012,
    title = {{Developing a better understanding of the secondary impacts and key sensitivities for the decarbonisation of the EU's transport sector by 2050. Final project}},
    year = {2012},
    author = {Hill, Nikolas and Brannigan, Charlotte and Smokers, Richard and Schroten, Arno and van Essen, Huib and Skinner, Ian},
    url = {www.eutransportghg2050.eu},
    institution = {European Commission Directorate-General Climate Action and AEA Technology plc}
}

@inproceedings{Schwarcz1997a,
    title = {{Diagnostic analysis of a PFBC power plant using a thermoeconomic methodology}},
    year = {1997},
    booktitle = {Proceedings of TAIES'97: Thermodynamic Analysis and Improvement of Energy Systems},
    author = {Schwarcz, P and Lozano, M A and VonSpakovsky, M R and Valero, A and von Spakovsky, M R},
    pages = {240--249},
    url = {http://www.scopus.com/scopus/inward/record.url?eid=2-s2.0-0031388275&partnerID=40&rel=R6.5.0},
    address = {Beijing}
}

@misc{Diester,
    title = {{Diester Partenaires}},
    url = {http://www.partenaires-diester.com/}
}

@inproceedings{Lazzaretto1995a,
    title = {{DIMAP: A modular computer code for thermodynamic, exergetic and thermoeconomic simulation of energy systems}},
    year = {1995},
    booktitle = {American Society of Mechanical Engineers, Advanced Energy Systems Division (Publication) AES},
    author = {Lazzaretto, Andrea and Macor, Alarico and Mirandola, Alberto and Stoppato, Anna and Donatini, Franco},
    pages = {119--126},
    volume = {35},
    url = {http://www.scopus.com/scopus/inward/record.url?eid=2-s2.0-0029426385&partnerID=40&rel=R6.5.0}
}

@article{Lazzaretto1995,
    title = {{Direct calculation of average and marginal costs from the productive structure of an energy system}},
    year = {1995},
    journal = {Journal of Energy Resources Technology, Transactions of the ASME},
    author = {Lazzaretto, A and Macor, A},
    number = {3},
    pages = {171--178},
    volume = {117},
    url = {http://www.scopus.com/scopus/inward/record.url?eid=2-s2.0-0029368729&partnerID=40&rel=R6.5.0}
}

@misc{Directive2003/30/EC,
    title = {{Directive 2003/30/EC of the European Parliament and of the Council of 8 May 2003 on the promotion of the use of biofuels or other renewable fuels for transport}},
    year = {2003},
    author = {{European Union}},
    month = {5},
    url = {http://eur-lex.europa.eu/LexUriServ/LexUriServ.do?uri=OJ:L:2003:123:0042:0042:EN:PDF}
}

@misc{Directive2008/98/EC,
    title = {{Directive 2008/98/EC of the European Parliament and of the Council of 19 November 2008 on waste and repealing certain Directives}},
    year = {2008},
    author = {{European Union}},
    url = {http://eur-lex.europa.eu/LexUriServ/LexUriServ.do?uri=OJ:L:2008:312:0003:0030:en:PDF}
}

@misc{Directive2009/28/EC,
    title = {{Directive 2009/28/EC of the European Parliament and the Council of 23� April 2009 on the promotion of the use of energy from renewable sources and amending and subsequently repealing Directives 2001/77/EC and� 2003/30/EC}},
    year = {2009},
    author = {{European Union}},
    url = {http://eur-lex.europa.eu/LexUriServ/LexUriServ.do?uri=Oj:L:2009:140:0016:0062:en:PDF}
}

@misc{Directive2009/30/EC,
    title = {{Directive 2009/30/EC of the European Parliament and of the Council of 23� April 2009 amending Directive 98/70/EC as regards the specification of petrol, diesel and gas-oil and introducing a mechanism to monitor and reduce greenhouse gas emissions and amen}},
    year = {2009},
    author = {{European Union}},
    url = {http://eur-lex.europa.eu/LexUriServ/LexUriServ.do?uri=OJ:L:2009:140:0088:0113:EN:PDF}
}

@misc{Directive2012/33/EU,
    title = {{Directive 2012/33/EU of the European Parliament and of the Council of 21 November 2012 amending Council Directive 1999/32/EC as regards the sulphur content of marine fuels}},
    year = {2012},
    author = {{European Union}},
    url = {http://eur-lex.europa.eu/LexUriServ/LexUriServ.do?uri=OJ:L:2012:327:0001:0013:EN:PDF}
}

@article{Chiu2005,
    title = {{Distribution of methanol and catalysts between biodiesel and glycerin phases}},
    year = {2005},
    journal = {AIChE Journal},
    author = {Chiu, Chuang-Wei and Goff, Michael J and Suppes, Galen J},
    number = {4},
    pages = {1274--1278},
    volume = {51},
    publisher = {Wiley Subscription Services, Inc., A Wiley Company},
    url = {http://dx.doi.org/10.1002/aic.10385},
    doi = {10.1002/aic.10385},
    issn = {1547-5905},
    keywords = {VLE, Wilson activity coefficient model, alcohol, biodiesel, catalyst, distribution, glycerin, methanol, parameter, potassium hydroxide, sulfuric acid, transesterify}
}

@techreport{BioPlat2030,
    title = {{Documento de visi{\'{o}}n a 2030}},
    year = {2012},
    author = {{BIOPLAT}},
    url = {http://www.bioplat.org/setup/upload/modules_docs/content_cont_URI_625.pdf},
    institution = {BioPlat, Spanish Biomass Technology Platform}
}

@article{Ayres1998,
    title = {{Eco-thermodynamics: economics and the second law}},
    year = {1998},
    journal = {Ecological Economics},
    author = {Ayres, R U},
    number = {2},
    pages = {189--209},
    volume = {26},
    url = {http://www.sciencedirect.com/science/article/pii/S0921800997001018},
    doi = {10.1016/S0921-8009(97)00101-8},
    issn = {0921-8009},
    keywords = {Energy}
}

@techreport{Ayres-etal1996,
    title = {{Eco-Thermodynamics: exergy and life cycle analysis}},
    year = {1996},
    author = {Ayres, R U and Ayres, L W and Martinas, K},
    institution = {INSEAD's Centre for the Management of Environmental Resources}
}

@techreport{LifeECOBUS,
    title = {{Ecobus - Collecting used cooking oils to their recycling as biofuel for diesel engines}},
    year = {2012},
    author = {{LIFE Programme}},
    url = {http://ec.europa.eu/environment/life/project/Projects/index.cfm},
    institution = {European Commission}
}

@misc{EcoInvent,
    title = {{EcoInvent}},
    url = {www. ecoinvent.org},
    institution = {Swiss Centre for Life Cycle Inventories}
}

@inproceedings{Erickson1990,
    title = {{Edible fats and oils processing. Basic principles and modern practices. (World Conference Proceedings)}},
    year = {1990},
    editor = {Erickson, D R},
    publisher = {American Oil Chemists' Society}
}

@article{Frangopoulos2004,
    title = {{Effect of reliability considerations on the optimal synthesis, design and operation of a cogeneration system}},
    year = {2004},
    journal = {Energy},
    author = {Frangopoulos, C A and Dimopoulos, G G},
    number = {3},
    pages = {309--329},
    volume = {29},
    url = {http://www.scopus.com/scopus/inward/record.url?eid=2-s2.0-0842269304&partnerID=40&rel=R6.5.0}
}

@article{Verda2002b,
    title = {{Effects of the productive structure on the results of the thermoeconomic diagnosis of energy systems}},
    year = {2002},
    journal = {International Journal of Applied Thermodynamics},
    author = {Verda, V and Serra, L and Valero, A},
    number = {3},
    pages = {127--135},
    volume = {5},
    url = {http://www.scopus.com/scopus/inward/record.url?eid=2-s2.0-0036752084&partnerID=40&rel=R6.5.0}
}

@techreport{ExpertGroupI,
    title = {{EG FTF - 1st report of the expert group: future transport fuels}},
    year = {2011},
    author = {{European Commission}},
    url = {http://ec.europa.eu/transport/themes/urban/cts/future-transport-fuels_en.htm},
    institution = {European Commission Expert Group on Future Transport Fuels}
}

@techreport{ExpertGroupII,
    title = {{EG FTF - 2nd report of the expert group: infrastructure for alternative fuels}},
    year = {2011},
    author = {{European Commission}},
    url = {http://ec.europa.eu/transport/themes/urban/cts/future-transport-fuels_en.htm},
    institution = {European Commission Expert Group on Future Transport Fuels}
}

@techreport{Rico2013,
    title = {{El Gobierno tambi�n recorta los objetivos de biocarburantes}},
    year = {2013},
    author = {Rico, Javier},
    url = {http://www.energias-renovables.com/articulo/el-gobierno-tambien-recorta-los-objetivos-de-20130222},
    institution = {Energ{\'{i}}as Renovables}
}

@article{Carroll201350,
    title = {{Emissions and efficiencies from the combustion of agricultural feedstock pellets using a small scale tilting grate boiler}},
    year = {2013},
    journal = {Biosystems Engineering},
    author = {Carroll, John and Finnan, John},
    number = {1},
    pages = {50--55},
    volume = {115},
    url = {http://www.sciencedirect.com/science/article/pii/S1537511013000172},
    doi = {10.1016/j.biosystemseng.2013.01.009},
    issn = {1537-5110}
}

@techreport{EmployRES2009,
    title = {{EmployRES. The impact of renewable energy policy on economic growth and employment in the European Union. Final report}},
    year = {2009},
    author = {Ragwitz, Mario and Schade, Wolfgang and Breitschopf, Barbara and Walz, Rainer and Helfrich, Nicki and Rathmann, Max and Resch, Gustav and Panzer, Christian and Faber, Thomas and Reinhard, Haas and Nathani, Carsten and Holzhey, Matthias and Konstantinaviciute, Inga and Zagam�, Paul and Fougeyrollas, Arnaud and Le Hir, Boris},
    institution = {EmployRES partnership: Fraunhofer ISI, Ecofys, EEG, R�tter + Partner, LEI and SEURECO}
}

@misc{CENEN14214,
    title = {{EN14214 - Liquid petroleum products - Fatty acid methyl esters (FAME) for use in diesel engines and heating applications - Requirements and test methods}},
    year = {2008},
    author = {{CEN, European Committee for Standardization}},
    number = {EN 14214},
    institution = {CEN}
}

@misc{CENEN590,
    title = {{EN590 - Automotive fuels - Diesel - Requirements and test methods}},
    year = {2009},
    author = {{CEN, European Committee for Standardization}},
    number = {EN 590},
    institution = {CEN}
}

@article{Hovelius1999,
    title = {{Energy and exergy analysis of rape seed oil methyl ester (RME) production under Swedish conditions}},
    year = {1999},
    journal = {Biomass and Bioenergy},
    author = {Hovelius, Karolina and Hansson, Per-Anders},
    number = {4},
    pages = {279--290},
    volume = {17},
    url = {http://www.sciencedirect.com/science/article/pii/S0961953499000471},
    doi = {10.1016/S0961-9534(99)00047-1},
    issn = {0961-9534},
    keywords = {Energy analysis}
}

@article{Cleveland31081984,
    title = {{Energy and the U.S. economy: a biophysical perspective}},
    year = {1984},
    journal = {Science},
    author = {Cleveland, Cutler J and Costanza, Robert and Hall, Charles A S and Kaufmann, Robert},
    number = {4665},
    pages = {890--897},
    volume = {225},
    url = {http://www.sciencemag.org/content/225/4665/890.abstract},
    doi = {10.1126/science.225.4665.890}
}

@article{Zhang2013392,
    title = {{Energy balance and greenhouse gas emissions of biodiesel production from oil derived from wastewater and wastewater sludge}},
    year = {2013},
    journal = {Renewable Energy},
    author = {Zhang, Xiaolei and Yan, Song and Tyagi, Rajeshwar D and Surampalli, Rao Y},
    pages = {392--403},
    volume = {55},
    url = {http://www.sciencedirect.com/science/article/pii/S0960148113000086},
    doi = {http://dx.doi.org/10.1016/j.renene.2012.12.046},
    issn = {0960-1481},
    keywords = {Biodiesel}
}

@article{Benelmir1998,
    title = {{Energy cogeneration systems and energy management strategy}},
    year = {1998},
    journal = {Energy Conversion and Management},
    author = {Benelmir, R and Feidt, M},
    number = {16-18},
    pages = {1791--1802},
    volume = {39},
    url = {http://www.scopus.com/scopus/inward/record.url?eid=2-s2.0-0032207296&partnerID=40&rel=R6.5.0}
}

@misc{Eurostat2013,
    title = {{Energy consumption, EU27 energy dependence rate at 54{\%} in 2011}},
    year = {2013},
    author = {{Eurostat}},
    url = {http://epp.eurostat.ec.europa.eu/cache/ITY_PUBLIC/8-13022013-BP/EN/8-13022013-BP-EN.PDF},
    howpublished = {News release}
}

@techreport{BioPlatAlgas,
    title = {{Energy from algae. Present and future}},
    year = {2012},
    author = {{BIOPLAT}},
    url = {http://www.bioplat.org/setup/upload/modules_docs/content_cont_URI_2104.pdf},
    institution = {BioPlat, Spanish Biomass Technology Platform}
}

@article{su3112307,
    title = {{Energy Return on Investment (EROI) of oil shale}},
    year = {2011},
    journal = {Sustainability},
    author = {Cleveland, Cutler J and O'Connor, Peter A},
    number = {11},
    pages = {2307--2322},
    volume = {3},
    url = {http://www.mdpi.com/2071-1050/3/11/2307},
    doi = {10.3390/su3112307},
    issn = {2071-1050}
}

@techreport{IEA2006,
    title = {{Energy Technology Perspectives: scenarios and strategies to 2050}},
    year = {2006},
    author = {{IEA}},
    institution = {OCDE/IEA}
}

@misc{Wilde1990,
    title = {{Enthalpy and entropy of organic compounds from group contributions}},
    year = {1990},
    author = {Wilde, J P},
    url = {http://repository.tudelft.nl/view/ir/uuid%3Aebd538b4-ee5f-4c92-96b0-2fde6c69dd1d/},
    institution = {Delft University of Technology, Prins Maurits Laboratory},
    address = {Delft, Rijswijk, The Netherlands}
}

@article{Pleanjai2007,
    title = {{Environmental evaluation of biodiesel production from palm oil in a life cycle perspective}},
    year = {2007},
    journal = {Asian Journal of Energy and Environment},
    author = {Pleanjai, S and Gheewala, S H and Garivait, S},
    pages = {15--32},
    volume = {8},
    url = {http://www.jseejournal.com/AJEE 2007/3.Environmental evaluation p.15-32.pdf}
}

@inproceedings{ERRAC2013,
    title = {{ERRAC. For a sustainable and efficient rail transport sector}},
    year = {2013},
    booktitle = {Sustainable energy for transport with alternative fuels. EU Sustainable Energy Week},
    author = {Doppelbauer, Josef},
    url = {http://eusew.eu/upload/events/553_1207_presentation josef doppelbauer errac .pdf}
}

@article{Evans1983,
    title = {{ESSERGETIC FUNCTIONAL ANALYSIS FOR PROCESS DESIGN AND SYNTHESIS.}},
    year = {1983},
    journal = {ACS Symposium Series},
    author = {Evans, Robert B and Kadaba, Prasanna V and Hendrix, Walter A},
    pages = {239--261},
    url = {http://www.scopus.com/scopus/inward/record.url?eid=2-s2.0-0020946072&partnerID=40&rel=R6.5.0}
}

@techreport{APPA2010,
    title = {{Estudio del impacto macroecon�mico de las energ�as renovables en Espa�a}},
    year = {2010},
    author = {{APPA}},
    url = {http://www.appa.es/02appa/02b-documentosappa.php},
    institution = {APPA, Spanish Renewable Energy Association}
}

@misc{EUenergystats,
    title = {{EU energy statistics in figures, statistical pocketbook 2012}},
    year = {2012},
    author = {{European Commission}}
}

@techreport{Lonza2011,
    title = {{EU renewable energy targets in 2020: Analysis of scenarios for transport}},
    year = {2011},
    author = {Lonza, L and Reid, A and Rose, K D and Hass, H and Maas, H},
    institution = {JEC Biofuels Programme (JRC, EUCAR, CONCAWE)}
}

@techreport{keepontrack2013,
    title = {{EU Tracking Roadmap 2013}},
    year = {2013},
    author = {{Keep on Track! Project}},
    institution = {Project supported by the Intelligent Energy -- Europe (IEE) of the European Commission}
}

@misc{EABA,
    title = {{European Algae Biofuels Association}},
    author = {{EABA}},
    url = {http://www.eaba-association.eu/}
}

@misc{EC-LCA2012,
    title = {{European Platform on Life Cycle Assessment (LCA)}},
    author = {{European Commission}},
    url = {http://ec.europa.eu/environment/ipp/lca.htm}
}

@article{Olkiewicz2012634,
    title = {{Evaluation of different sludges from {\{}WWTP{\}} as a potential source for biodiesel production}},
    year = {2012},
    journal = {Procedia Engineering},
    author = {Olkiewicz, M and Fortuny, A and Staber, F and Fabregat, A and Font, J and Bengoa, Ch.},
    pages = {634--643},
    volume = {42},
    url = {http://www.sciencedirect.com/science/article/pii/S1877705812028561},
    doi = {http://dx.doi.org/10.1016/j.proeng.2012.07.456},
    issn = {1877-7058}
}

@article{Toffolo2002,
    title = {{Evolutionary algorithms for multi-objective energetic and economic optimization in thermal system design}},
    year = {2002},
    journal = {Energy},
    author = {Toffolo, A and Lazzaretto, A},
    number = {6},
    pages = {549--567},
    volume = {27},
    url = {http://www.scopus.com/scopus/inward/record.url?eid=2-s2.0-0036606228&partnerID=40&rel=R6.5.0}
}

@inproceedings{Dunbar1990,
    title = {{Exergetic advantages of topping rankine power cycles with fuel cell units}},
    year = {1990},
    booktitle = {American Society of Mechanical Engineers, Advanced Energy Systems Division (Publication) AES},
    author = {Dunbar, William R and Lior, Noam and Gaggioli, Richard A},
    pages = {63--68},
    volume = {21},
    url = {http://www.scopus.com/scopus/inward/record.url?eid=2-s2.0-0025629857&partnerID=40&rel=R6.5.0}
}

@article{Verda2004a,
    title = {{Exergetic and economic evaluation of control strategies for a gas turbine plant}},
    year = {2004},
    journal = {Energy},
    author = {Verda, V and Borchiellini, R},
    number = {12-15 SPEC. ISS.},
    pages = {2253--2271},
    volume = {29},
    url = {http://www.scopus.com/scopus/inward/record.url?eid=2-s2.0-10044285970&partnerID=40&rel=R6.5.0}
}

@article{Kwak2003,
    title = {{Exergetic and thermoeconomic analyses of power plants}},
    year = {2003},
    journal = {Energy},
    author = {Kwak, H.-Y. and Kim, D.-J. and Jeon, J.-S.},
    number = {4},
    pages = {343--360},
    volume = {28},
    url = {http://www.scopus.com/scopus/inward/record.url?eid=2-s2.0-0037366019&partnerID=40&rel=R6.5.0}
}

@article{Berthiaume2001,
    title = {{Exergetic evaluation of the renewability of a biofuel}},
    year = {2001},
    journal = {Exergy, An International Journal},
    author = {Berthiaume, Richard and Bouchard, Christian and Rosen, Marc A},
    number = {4},
    pages = {256--268},
    volume = {1},
    url = {http://www.sciencedirect.com/science/article/pii/S1164023501000292},
    doi = {10.1016/S1164-0235(01)00029-2},
    issn = {1164-0235}
}

@article{Torres2013,
    title = {{Exergoecology as a tool for ecological modelling. The case of the US food production chain}},
    year = {2013},
    journal = {Ecological Modelling},
    author = {Torres, César and Valero, Antonio and Valero, Alicia},
    month = {4},
    pages = {21--28},
    volume = {255},
    url = {http://www.sciencedirect.com/science/article/pii/S0304380013000483},
    doi = {10.1016/j.ecolmodel.2013.01.021},
    issn = {03043800},
    keywords = {Ecological modelling, Exergoecology, Food production chain, Second Law, Thermoeconomics}
}

@article{Torres2012b,
    title = {{Exergoecology as a tool for ecological modelling. The case of the US food production chain}},
    year = {2012},
    journal = {Ecological Modelling},
    author = {Torres, Cesar and Valero, Antonio and Valero, Alicia},
    pages = {21--28},
    volume = {255}
}

@phdthesis{Torres1991,
    title = {{Exergoeconomia Simbolica}},
    year = {1991},
    author = {Torres, C},
    school = {Deparment of Mechanical Engineering.},
    address = {University of Zaragoza. Spain}
}

@article{Tsatsaronis1985b,
    title = {{Exergoeconomic analysis and evaluation of energy-conversion plants-I. A new general methodology}},
    year = {1985},
    journal = {Energy},
    author = {Tsatsaronis, G and Winhold, M},
    number = {1},
    pages = {69--80},
    volume = {10},
    url = {http://www.sciencedirect.com/science?_ob=GatewayURL&_origin=ScienceSearch&_method=citationSearch&_piikey=0360544285900209&_version=1&_returnURL=&md5=e99cda85f2526252acfc8ec4b41d1851}
}

@inproceedings{Gallo2003,
    title = {{Exergoeconomic Analysis of a Combined Cycle with Indutrial Cogeneration}},
    year = {2003},
    booktitle = {Proceedings of the 16th International Conference on Efficiency, Cost, Optimization, Simulation and Environmental Impact of Energy Systems},
    author = {Gallo, L R and Gomes, C M},
    editor = {Houbak, N and Elmergad, B and Qvale, B and Moran, M},
    pages = {751--758},
    volume = {2}
}

@article{Rosen2003a,
    title = {{Exergoeconomic analysis of power plants operating on various fuels}},
    year = {2003},
    journal = {Applied Thermal Engineering},
    author = {Rosen, M A and Dincer, I},
    number = {6},
    pages = {643--658},
    volume = {23},
    url = {http://www.sciencedirect.com/science?_ob=GatewayURL&_origin=ScienceSearch&_method=citationSearch&_piikey=S1359431102002442&_version=1&_returnURL=&md5=f1b30916f2f9465ca1a30e2f2bd17593}
}

@article{Valero2006,
    title = {{Exergy accounting: Capabilities and drawbacks}},
    year = {2006},
    journal = {Energy},
    author = {Valero, A},
    number = {1 SPEC. ISS.},
    pages = {164--180},
    volume = {31},
    url = {http://www.scopus.com/scopus/inward/record.url?eid=2-s2.0-18844429238&partnerID=40&rel=R6.5.0}
}

@article{Talens2007,
    title = {{Exergy analysis applied to biodiesel production}},
    year = {2007},
    journal = {Resources, Conservation and Recycling},
    author = {Talens, Laura and Villalba, Gara and Gabarrell, Xavier},
    number = {2},
    pages = {397--407},
    volume = {51},
    url = {http://www.sciencedirect.com/science/article/pii/S0921344906002473},
    doi = {10.1016/j.resconrec.2006.10.008},
    issn = {0921-3449},
    keywords = {Exergy analysis}
}

@book{ValeroD2010,
    title = {{Exergy analysis of resources and processes}},
    year = {2010},
    author = {Valero, Antonio and Valero, Alicia},
    publisher = {Prensas Universitarias de Zaragoza}
}

@book{Szargut1988,
    title = {{Exergy analysis of Thermal, Chemical, and Metallurgical Processes}},
    year = {1988},
    author = {Szargut, J and Morris, D R and Steward, F R},
    publisher = {Hemisphere},
    address = {New York}
}

@inproceedings{Velasquez2007,
    title = {{Exergy and environmental analysis of the palm oil biodiesel production process}},
    year = {2007},
    booktitle = {Proceedings of the 20th international conference on efficiency, cost optimization and environmental impact of energy systems. ECOS 2007},
    author = {Vel�squez, H and Benjumea, P and De Oliveira, S},
    pages = {777--784.},
    address = {Padova, Italy}
}

@article{Sciubba1999,
    title = {{Exergy as a direct measure of environmental impact}},
    year = {1999},
    journal = {American Society of Mechanical Engineers, Advanced Energy Systems Division (Publication) AES},
    author = {Sciubba, E},
    pages = {573--581},
    volume = {39},
    url = {http://www.scopus.com/scopus/inward/record.url?eid=2-s2.0-0033300458&partnerID=40&rel=R6.5.0}
}

@inproceedings{Valero2006d,
    title = {{Exergy as an indicator for resources scarcity. The exergy loss of Australian mineral capital, a case study}},
    year = {2006},
    booktitle = {American Society of Mechanical Engineers, Advanced Energy Systems Division (Publication) AES},
    author = {Valero, A and Arauzo, I},
    pages = {--},
    url = {http://www.scopus.com/scopus/inward/record.url?eid=2-s2.0-34249784567&partnerID=40&rel=R6.5.0}
}

@article{Zhang2006,
    title = {{Exergy cost analysis of a coal fired power plant based on structural theory of thermoeconomics}},
    year = {2006},
    journal = {Energy Conversion and Management},
    author = {Zhang, C and Wang, Y and Zheng, C and Lou, X},
    number = {7-8},
    pages = {817--843},
    volume = {47},
    url = {http://www.scopus.com/scopus/inward/record.url?eid=2-s2.0-31144465245&partnerID=40&rel=R6.5.0}
}

@article{Tsatsaronis1993b,
    title = {{Exergy Costing in Exergoeconomics}},
    year = {1993},
    journal = {J. Energy Resources Tech.},
    author = {Tsatsaronis, G and Lin, L and Pisa, J},
    pages = {9--16},
    volume = {115}
}

@article{Uche2006,
    title = {{Exergy costs and inefficiency diagnosis of a dual-purpose power and desalination plant}},
    year = {2006},
    journal = {Journal of Energy Resources Technology, Transactions of the ASME},
    author = {Uche, J and Serra, L and Valero, A},
    number = {3},
    pages = {186--192},
    volume = {128},
    url = {http://www.scopus.com/scopus/inward/record.url?eid=2-s2.0-33845693845&partnerID=40&rel=R6.5.0}
}

@article{Gaggioli1980,
    title = {{Exergy economics - I. Cost accounting applications}},
    year = {1980},
    journal = {Energy},
    author = {Gaggioli, R A and Wepfer, W J},
    number = {8},
    pages = {823--837},
    volume = {5},
    url = {http://www.sciencedirect.com/science?_ob=GatewayURL&_origin=ScienceSearch&_method=citationSearch&_piikey=0360544280900997&_version=1&_returnURL=&md5=70ab8a252c23162f6326a9913fe282cb}
}

@inproceedings{Valero2005,
    title = {{Exergy evaluation of the mineral capital on Earth. influence of the reference environment}},
    year = {2005},
    booktitle = {American Society of Mechanical Engineers, Advanced Energy Systems Division (Publication) AES},
    author = {Valero, A and Marti?nez, A},
    pages = {235--242},
    volume = {45},
    url = {http://www.scopus.com/scopus/inward/record.url?eid=2-s2.0-33645026967&partnerID=40&rel=R6.5.0}
}

@article{Verda2007,
    title = {{Exergy method for the diagnosis of energy systems using measured data}},
    year = {2007},
    journal = {Energy},
    author = {Verda, V and Borchiellini, R},
    number = {4},
    pages = {490--498},
    volume = {32},
    url = {http://www.scopus.com/scopus/inward/record.url?eid=2-s2.0-33845795785&partnerID=40&rel=R6.5.0}
}

@book{Szargut2005,
    title = {{Exergy method. Technical and ecological applications}},
    year = {2005},
    author = {Szargut, J},
    publisher = {WIT Press},
    address = {New York}
}

@inproceedings{Valero1991,
    title = {{Exergy outcomes associated with the greenhouse effects}},
    year = {1991},
    booktitle = {American Society of Mechanical Engineers, Advanced Energy Systems Division (Publication) AES},
    author = {Valero, A and Arauzo, I},
    pages = {63--70},
    volume = {25},
    url = {http://www.scopus.com/scopus/inward/record.url?eid=2-s2.0-0026367779&partnerID=40&rel=R6.5.0}
}

@article{Tsatsaronis1997,
    title = {{Exergy-Aided Cost Minimization}},
    year = {1997},
    journal = {Energy Conversion Management},
    author = {Tsatsaronis, G and Moran, M},
    pages = {1535--1542},
    volume = {38}
}

@article{Dewulf2005,
    title = {{Exergy-based efficiency and renewability assessment of biofuel production}},
    year = {2005},
    journal = {Environmental Science and Technology 2005;39:3878e82},
    author = {Dewulf, J and Van Lagenhove, H and de Velde B, Van},
    pages = {3878--3882},
    volume = {39},
    url = {http://pubs.acs.org/doi/abs/10.1021/es048721b}
}

@article{Hau2004,
    title = {{Expanding exergy analysis to account for ecosystem products and services}},
    year = {2004},
    journal = {Environmental Science and Technology},
    author = {Hau, J L and Bakshi, B R},
    pages = {3768--3777},
    volume = {38}
}

@article{Siddiquee20112241,
    title = {{Experimental analysis of lipid extraction and biodiesel production from wastewater sludge}},
    year = {2011},
    journal = {Fuel Processing Technology},
    author = {Siddiquee, Muhammad N and Rohani, Sohrab},
    number = {12},
    pages = {2241--2251},
    volume = {92},
    url = {http://www.sciencedirect.com/science/article/pii/S0378382011002785},
    doi = {http://dx.doi.org/10.1016/j.fuproc.2011.07.018},
    issn = {0378-3820}
}

@article{Talens2010,
    title = {{Extended exergy accounting applied to biodiesel production}},
    year = {2010},
    journal = {Energy},
    author = {Talens, Laura and Villalba, Gara and Sciubba, Enrico and Gabarrell, Xavier},
    number = {7},
    pages = {2861--2869},
    volume = {35},
    url = {http://www.sciencedirect.com/science/article/pii/S0360544210001337},
    doi = {10.1016/j.energy.2010.03.015},
    issn = {0360-5442},
    keywords = {Exergy analysis}
}

@article{DiLucia20107395,
    title = {{External governance and the EU policy for sustainable biofuels, the case of Mozambique}},
    year = {2010},
    journal = {Energy Policy},
    author = {Di Lucia, Lorenzo},
    number = {11},
    pages = {7395--7403},
    volume = {38},
    url = {http://www.sciencedirect.com/science/article/pii/S0301421510006294},
    doi = {10.1016/j.enpol.2010.08.015},
    issn = {0301-4215},
    keywords = {Governance}
}

@misc{FAO-021,
    title = {{FAO -- Advances in citriculture 4. Sustainability of citrus plant nutrition and fertilization}},
    howpublished = {FAO -- LEBANON GCP/LEB/021/ITA},
    institution = {FAO}
}

@techreport{Finnan20101,
    title = {{Feasibility of production and combustion of pellets from straw and energy crops}},
    year = {2010},
    author = {Finnan, John},
    url = {http://www.teagasc.ie/publications/2009/1320/Pelleting_5613.pdf},
    institution = {Irish Agriculture and Food Development Authority}
}

@techreport{Flightpath2011,
    title = {{Flightpath 2050. Europe's vision for aviation. Maintaining global leadership serving society needs}},
    year = {2011},
    author = {{European Commission}},
    url = {http://ec.europa.eu/transport/modes/air/doc/flightpath2050.pdf},
    institution = {European Commission High Level Group on Aviation Research}
}

@article{Lazzaretto2006,
    title = {{Four approaches compared on the TADEUS (thermoeconomic approach to the diagnosis of energy utility systems) test case}},
    year = {2006},
    journal = {Energy},
    author = {Lazzaretto, A and Toffolo, A and Reini, M and Taccani, R and Zaleta-Aguilar, A and Rangel-Hernandez, V and Verda, V},
    number = {10-11},
    pages = {1586--1613},
    volume = {31},
    url = {http://www.scopus.com/scopus/inward/record.url?eid=2-s2.0-33748701631&partnerID=40&rel=R6.5.0}
}

@misc{Britannica,
    title = {{Fuller's earth}},
    year = {2013},
    author = {{Encyclop�edia Britannica}},
    url = {http://www.britannica.com/EBchecked/topic/221929/fullers-earth}
}

@book{Moran2003,
    title = {{Fundamentals of Engineering Thermodynamic}},
    year = {2003},
    author = {Moran, M and Shapiro, H N},
    series = {2nd Edition},
    publisher = {Wiley and Sons. New York.}
}

@book{Moran1995,
    title = {{Fundamentals of Engineering Thermodynamics}},
    year = {1995},
    author = {Moran, M J and Shapiro, H M},
    edition = {2nd},
    publisher = {Wiley}
}

@book{Moran1999,
    title = {{Fundamentals of Exergy Analysis and Exergy-Aided Thermal Systems Design}},
    year = {1999},
    booktitle = {Thermodynamic Optimization of Complex Energy Systems},
    author = {Moran, M J},
    editor = {Bejan, A and Mamuth, E},
    pages = {73--92},
    publisher = {Kluwer Academic Publishers, Netherlands}
}

@article{Valero2006a,
    title = {{Fundamentals of exergy cost accounting and thermoeconomics. Part I: Theory}},
    year = {2006},
    journal = {Journal of Energy Resources Technology, Transactions of the ASME},
    author = {Valero, A and Serra, L and Uche, J},
    number = {1},
    pages = {1--8},
    volume = {128},
    url = {http://www.scopus.com/scopus/inward/record.url?eid=2-s2.0-33645294977&partnerID=40&rel=R6.5.0}
}

@inproceedings{Wall1999,
    title = {{Future Research of Exergy and its Applications}},
    year = {1999},
    booktitle = {Proceedings of the International Symposium on Efficiency, Costs, optimization and Simulation of Energy Systems},
    author = {Wall, G},
    pages = {93--99},
    address = {Tokyo, Japan}
}

@inproceedings{Valero1986d,
    title = {{GAUDEAMO: A SYSTEM FOR ENERGETIC/EXERGETIC OPTIMIZATION OF COAL POWER PLANTS.}},
    year = {1986},
    booktitle = {American Society of Mechanical Engineers, Advanced Energy Systems Division (Publication) AES},
    author = {Valero, A and Lozano, M A and Alconchel, J A and Mu{\~{n}}oz, M and Torres, C},
    pages = {43--49},
    volume = {2-1},
    url = {http://www.scopus.com/scopus/inward/record.url?eid=2-s2.0-0022927345&partnerID=40&rel=R6.5.0}
}

@inproceedings{Valero1986,
    title = {{GENERAL THEORY OF EXERGY SAVING: II. ON THE THERMOECONOMIC COST.}},
    year = {1986},
    booktitle = {American Society of Mechanical Engineers, Advanced Energy Systems Division (Publication) AES},
    author = {Valero, A and Mu{\~{n}}oz, M and Lozano, M A},
    pages = {9--15},
    volume = {2-3},
    url = {http://www.scopus.com/scopus/inward/record.url?eid=2-s2.0-0022927238&partnerID=40&rel=R6.5.0}
}

@inproceedings{Valero1992,
    title = {{General theory of thermoeconomics: Part I. Structural analysis}},
    year = {1992},
    booktitle = {Proceedings of the International Symposium on Efficiency, Costs, Optimization and Simulation of Energy Systems},
    author = {Valero, A. and Torres, C. and Serra, L.},
    pages = {35--41},
    publisher = {Publ by ASME},
    url = {http://www.scopus.com/scopus/inward/record.url?eid=2-s2.0-0026995468&partnerID=40&rel=R6.5.0 http://www.scopus.com/inward/record.url?eid=2-s2.0-0026995468&partnerID=tZOtx3y1},
    organization = {ECOS},
    address = {Tokyo, Japan},
    isbn = {0791806316}
}

@inproceedings{Valero1992b,
    title = {{General theory of thermoeconomics: Part II. The relative free energy function}},
    year = {1992},
    booktitle = {ECOS '92 International Symposium},
    author = {Valero, A and Lozano, M A},
    pages = {147--154},
    url = {http://www.scopus.com/scopus/inward/record.url?eid=2-s2.0-0026980793&partnerID=40&rel=R6.5.0}
}

@techreport{FAOFOOD2011,
    title = {{Global food losses and food waste. Extent, causes and prevention}},
    year = {2011},
    author = {Gustavsson, Jenny and Cederberg, Christel and van Otterdijk, Robert and Meybeck, Alexandre},
    url = {http://www.fao.org/docrep/014/mb060e/mb060e00.pdf},
    institution = {FAO}
}

@article{McNeil2012180,
    title = {{Glycerine from biodiesel: the perfect diesel fuel}},
    year = {2012},
    journal = {Process Safety and Environmental Protection},
    author = {McNeil, John and Day, Paul and Sirovski, Felix},
    number = {3},
    pages = {180--188},
    volume = {90},
    url = {http://www.sciencedirect.com/science/article/pii/S0957582011001017},
    doi = {10.1016/j.psep.2011.09.006},
    issn = {0957-5820},
    keywords = {Glycerine}
}

@article{Jankowski20081487,
    title = {{Group contribution method for thermodynamic analysis of complex metabolic networks}},
    year = {2008},
    journal = {Biophysical Journal},
    author = {Jankowski, Matthew D and Henry, Christopher S and Broadbelt, Linda J and Hatzimanikatis, Vassily},
    number = {3},
    pages = {1487--1499},
    volume = {95},
    url = {http://www.sciencedirect.com/science/article/pii/S0006349508702157},
    doi = {10.1529/biophysj.107.124784},
    issn = {0006-3495}
}

@book{Cheremisinoff2003,
    title = {{Handbook of solid waste management and waste minimization technologies}},
    year = {2003},
    author = {Cheremisinoff, Nicholas P},
    publisher = {Elsevier Science}
}

@techreport{BioGrace,
    title = {{Harmonised calculations of bioenergy greenhouse gas emissions in Europe}},
    year = {2013},
    author = {{BioGrace Project}},
    url = {http://www.biograce.net/},
    institution = {Supported by the Intelligent Energy -- Europe Programme (IEE) of the European Commission}
}

@article{Uche2001b,
    title = {{Hybrid desalting systems for avoiding water shortage in Spain}},
    year = {2001},
    journal = {Desalination},
    author = {Uche, J and Serra, L and Valero, A},
    number = {1-3},
    pages = {329--334},
    volume = {138},
    url = {http://www.scopus.com/scopus/inward/record.url?eid=2-s2.0-0035921677&partnerID=40&rel=R6.5.0}
}

@article{Sciubba2004,
    title = {{Hybrid Semi-Quantitative Monitoring and Diagnostics of Energy Conversion Processes}},
    year = {2004},
    journal = {Int. J. Thermodynamics},
    author = {Sciubba, E},
    pages = {95--106},
    volume = {7}
}

@misc{Olin,
    title = {{Hydrochloric acid (HCl)}},
    author = {Products, Olin Chlor Alkali},
    url = {http://www.olinchloralkali.com/Products/HydrochloricAcid.aspx}
}

@article{Aatola2008,
    title = {{Hydrotreated vegetable oil (HVO) as a renewable diesel fuel: trade-off between NOx, particulate emission, and fuel consumption of a heavy duty engine}},
    year = {2008},
    journal = {SAE International},
    author = {Aatola, Hannu and Larmi, Martti and Sarjovaara, Teemu and Mikkonen, Seppo},
    pages = {12},
    volume = {2008--01--},
    url = {http://biofuelstp.eu/downloads/SAE_Study_Hydrotreated_Vegetable_Oil_HVO_as_a_Renewable_Diesel_Fuel.pdf}
}

@techreport{Edwards2007,
    title = {{Impact of compost use on crop yields in Tigray, Ethiopia}},
    year = {2007},
    author = {Edwards, Sue and Asmelash, Arefayne and Araya, Hailu and Berhan Gebre Egziabher, Tewolde},
    url = {http://betuco.be/compost/Impact of Compost Use on Crop Yields in Tigray, Ethiopia.pdf},
    institution = {FAO}
}

@techreport{FAO2012,
    title = {{Impacts of bioenergy on food security. Guidance for assessment and response at national and project levels}},
    year = {2012},
    author = {{FAO}},
    number = {52},
    institution = {FAO}
}

@techreport{Helaine2013,
    title = {{Impacts of the EU biofuel policy on agricultural markets and land use. Modelling assessment with AGLINK-COSIMO (2012 version)}},
    year = {2012},
    author = {H�laine, Sophie and M'barek, Robert and Gay, Hubertus},
    institution = {JRC, Institute for Prospective Technological Studies}
}

@article{Martin20111747,
    title = {{Improving the environmental performance of biofuels with industrial symbiosis}},
    year = {2011},
    journal = {Biomass and Bioenergy},
    author = {Martin, Michael and Eklund, Mats},
    number = {5},
    pages = {1747--1755},
    volume = {35},
    url = {http://www.sciencedirect.com/science/article/pii/S0961953411000171},
    doi = {10.1016/j.biombioe.2011.01.016},
    issn = {0961-9534},
    keywords = {Industrial symbiosis}
}

@article{Stephenson2008427,
    title = {{Improving the sustainability of the production of biodiesel from oilseed rape in the UK}},
    year = {2008},
    journal = {Process Safety and Environmental Protection},
    author = {Stephenson, A L and Dennis, J S and Scott, S A},
    number = {6},
    pages = {427--440},
    volume = {86},
    url = {http://www.sciencedirect.com/science/article/pii/S0957582008000815},
    doi = {10.1016/j.psep.2008.06.005},
    issn = {0957-5820},
    keywords = {Life cycle analysis}
}

@inproceedings{EBB2012,
    title = {{Incentives to promote the use of biofuels, EBB perspectives}},
    year = {2012},
    booktitle = {Incentives for Biofuels in Aviation, Biofuels FlightPath Workshop, June 20th 2012},
    author = {Garofalo, Raffaello}
}

@misc{NSWHSConline,
    title = {{Industrial chemistry: Solvay process}},
    author = {{NSW HSC, online}},
    url = {http://hsc.csu.edu.au/chemistry/options/industrial/2765/Ch956.htm},
    institution = {Charles Sturt University, New South Wales Department of Education and Communities}
}

@book{Ayres1996,
    title = {{Industrial Ecology. Towards closing the materials cycle}},
    year = {1996},
    author = {Ayres, R U and Ayres, L W},
    publisher = {Elgar Publishing Ltd., UK}
}

@techreport{IEAIETS2010,
    title = {{Industrial excess heat recovery technologies and applications, draft annex}},
    year = {2010},
    author = {{IEA}},
    url = {http://www.iea-iets.org/oslo/iea-iets.nsf/Attachments/47DF4BDBEA3A3AB5C12577DC0034B388/$FILE/Draft+Annex_ExcessHeatRecovery_oct+26.pdf},
    institution = {International Energy Agency, Industrial Energy-related Technologies and Systems (IETS)}
}

@techreport{CNE2013,
    title = {{Informe anual sobre el uso de biocarburantes en Espa�a en 2011}},
    year = {2013},
    author = {{Comisi�n Nacional de la Energ�a, CNE}},
    url = {http://www.cne.es/cne/doc/prensa/NP_1_3_13.pdf},
    institution = {CNE}
}

@book{Leontief1986,
    title = {{Input-Output Economics}},
    year = {1986},
    author = {Leontief, W},
    edition = {2nd},
    publisher = {Orford University Press}
}

@article{Vieira2004,
    title = {{Integration of an iterative methodology for exergoeconomic improvement of thermal systems with a process simulator}},
    year = {2004},
    journal = {Energy Conversion and Management},
    author = {Vieira, L S and Donatelli, J L and Cruz, M E},
    number = {15},
    pages = {2495--2523},
    volume = {45},
    url = {http://www.sciencedirect.com/science?_ob=GatewayURL&_origin=ScienceSearch&_method=citationSearch&_piikey=S0196890403003443&_version=1&_returnURL=&md5=63752393f25ddb68d47e4a3fca220cd4}
}

@inproceedings{Frangopoulos1990,
    title = {{Intelligent Functional Approach: A Method for Analysis and Optimal Synthesis-Design-Operation of Complex Systems}},
    year = {1990},
    booktitle = {Proceedings of the International Symposium: A Future for Energy},
    author = {Frangopoulos, C A},
    pages = {805--815},
    publisher = {Pergamon Press},
    address = {Florence, Italy}
}

@techreport{Goedkoop2008,
    title = {{Introduction to LCA with SimaPro 7}},
    year = {2008},
    author = {Goedkoop, M and De Schryver, A and Oele, M},
    institution = {PR{\'{e}} Consultants}
}

@techreport{IPCC2007I,
    title = {{IPCC Fourth Assessment Report, Climate Change 2007: Impacts, adaptation and vulnerability, contribution of Working Group II to the Fourth Assessment Report of the Intergovernmental Panel on Climate Change}},
    year = {2007},
    author = {Parry, M L and Canziani, O F and Palutikof, J P and van der Linden, P J and Hanson, C E},
    url = {http://www.ipcc.ch/publications_and_data/publications_ipcc_fourth_assessment_report_wg2_report_impacts_adaptation_and_vulnerability.htm},
    institution = {IPCC}
}

@techreport{IPCC2007II,
    title = {{IPCC Fourth Assessment Report, Climate Change 2007: The physical science basis, contribution of Working Group I to the Fourth Assessment Report of the Intergovernmental Panel on Climate Change}},
    year = {2007},
    author = {Solomon, Susan and Qin, Dahe and Manning, Martin and Chen, Zhenlin and Marquis, Melinda and Averyt, Kristen and Tignor, Melinda and Mille, Henri LeRoy},
    institution = {IPCC}
}

@incollection{Arvanitoyannis2008,
    title = {{ISO 14040: Life cycle assessment (LCA) -- Principles and guidelines. Ch. 3}},
    shorttitle = {ISO 14040: Life Cycle Assessment (LCA) -- Principl},
    year = {2008},
    booktitle = {Waste management for the food industries},
    author = {Arvanitoyannis, I},
    editor = {Arvanitoyannis, I},
    pages = {97--132},
    publisher = {Academic Press},
    address = {Amsterdam},
    isbn = {978-0-12-373654-3}
}

@techreport{Darlington2013,
    title = {{Land use change greenhouse gas emissions of European biofuel policies utilizing the Global Trade Analysis Project (GTAP) Model}},
    year = {2013},
    author = {Darlington, Thomas and Kahlbaum, Dennis and O'Connor, Don and Mueller, Steffen},
    institution = {Air Improvement Resource, Inc., S{\&}T Consultants, University of Illinois}
}

@article{Chen20101231,
    title = {{LCA allocation procedure used as an incitative method for waste recycling: an application to mineral additions in concrete}},
    year = {2010},
    journal = {Resources, Conservation and Recycling},
    author = {Chen, C and Habert, G and Bouzidi, Y and Jullien, A and Ventura, A},
    number = {12},
    pages = {1231--1240},
    volume = {54},
    url = {http://www.sciencedirect.com/science/article/pii/S0921344910000935},
    doi = {http://dx.doi.org/10.1016/j.resconrec.2010.04.001},
    issn = {0921-3449},
    keywords = {LCA}
}

@inproceedings{Lahl2013,
    title = {{Life cycle analysis and scientific challenges: is science mature enough to quantify ILUC?}},
    year = {2013},
    booktitle = {European Sustainable Biofuels Forum (ESBF), Stakeholders Committee Meeting},
    author = {Lahl, Uwe}
}

@techreport{ADEME2009,
    title = {{Life cycle assessment applied to first generation biofuels consumed in France}},
    year = {2009},
    author = {{ADEME}},
    institution = {Department of Bioresources. Directorate of Renewable Energies, Energy Networks and Markets, ADEME}
}

@techreport{IFEU2003,
    title = {{Life cycle assessment of biodiesel: update and new aspects}},
    year = {2003},
    author = {Gartner, Sven O and Reinhard, Guido A},
    month = {5},
    url = {http://www.co2star.eu/publications/ifeu_berichte/Biodiesel-engl-IFEU.pdf},
    institution = {IFEU, Institute for Energy and Environmental Research Heidelberg}
}

@article{Raluy2005,
    title = {{Life cycle assessment of water production technologies. Part 2: Reverse osmosis desalination versus the Ebro River Water Transfer}},
    year = {2005},
    journal = {International Journal of Life Cycle Assessment},
    author = {Raluy, R G and Serra, L and Uche, J and Valero, A},
    number = {5},
    pages = {346--354},
    volume = {10},
    url = {http://www.scopus.com/scopus/inward/record.url?eid=2-s2.0-24944539143&partnerID=40&rel=R6.5.0}
}

@inproceedings{Marelli2011,
    title = {{Life cycle GHG emissions in the EU biofuels legislation}},
    year = {2011},
    booktitle = {Workshop on GHG life cycle analysis},
    author = {Marelli, Luisa and Edwards, Robert},
    url = {http://www.globalbioenergy.org/fileadmin/user_upload/gbep/docs/2011_events/Workshop_on_GHG_LCA_Tokyo_15Nov2011/9._Edwards_Marelli.pdf},
    organization = {European Commission - DG Joint research Centre (JRC), Institute for Energy and Transport}
}

@article{Raluy2004,
    title = {{Life-cycle assessment of desalination technologies integrated with energy production systems}},
    year = {2004},
    journal = {Desalination},
    author = {Raluy, R G and Serra, L and Uche, J and Valero, A},
    number = {1-3},
    pages = {445--458},
    volume = {167},
    url = {http://www.scopus.com/scopus/inward/record.url?eid=2-s2.0-7544247034&partnerID=40&rel=R6.5.0}
}

@article{Siddiquee20111067,
    title = {{Lipid extraction and biodiesel production from municipal sewage sludges: A review}},
    year = {2011},
    journal = {Renewable and Sustainable Energy Reviews},
    author = {Siddiquee, Muhammad N and Rohani, Sohrab},
    number = {2},
    pages = {1067--1072},
    volume = {15},
    url = {http://www.sciencedirect.com/science/article/pii/S1364032110003989},
    doi = {http://dx.doi.org/10.1016/j.rser.2010.11.029},
    issn = {1364-0321},
    keywords = {Biodiesel}
}

@inproceedings{Rangel2004b,
    title = {{Local Exergy Cost Theory}},
    year = {2004},
    booktitle = {American Society of Mechanical Engineers, Advanced Energy Systems Division (Publication) AES},
    author = {Rangel, V H and Valero, A and Uson, S and Cortes, C},
    editor = {{ASME}},
    pages = {223--232},
    volume = {44},
    url = {http://www.scopus.com/scopus/inward/record.url?eid=2-s2.0-19544390516&partnerID=40&rel=R6.5.0}
}

@inproceedings{Lozano1996a,
    title = {{Local Optimization of Energy Systems}},
    year = {1996},
    booktitle = {Proceedings of the ASME Advanced Energy System Divison},
    author = {Lozano, M A and Valero, A and Serra, L},
    pages = {241--250},
    volume = {36}
}

@inproceedings{Lozano1996,
    title = {{Local optimization of energy systems}},
    year = {1996},
    booktitle = {American Society of Mechanical Engineers, Advanced Energy Systems Division (Publication) AES},
    author = {Lozano, M A and Valero, A and Serra, L},
    pages = {241--250},
    volume = {36},
    url = {http://www.scopus.com/scopus/inward/record.url?eid=2-s2.0-0030414139&partnerID=40&rel=R6.5.0}
}

@misc{CEPA2013,
    title = {{Low Carbon Fuel Standard Program pursuant to the California Assembly Bill AB 32 and the Governor's Executive Order S-01-07}},
    year = {2013},
    author = {{California Environmental Protection Agency}},
    url = {http://www.arb.ca.gov/fuels/lcfs/lcfs.htm},
    institution = {CEPA}
}

@article{Koltun2010,
    title = {{Materials and sustainable development}},
    year = {2010},
    journal = {Progress in Natural Science: Materials International},
    author = {Koltun, P},
    pages = {16--29},
    volume = {20},
    url = {http://www.sciencedirect.com/science/article/pii/S1002007112600021},
    doi = {10.1016/S1002-0071(12)60002-1},
    issn = {1002-0071},
    keywords = {sustainability measurement}
}

@book{MATLAB1997,
    title = {{MATLAB Versio 5 User Guide}},
    year = {1997},
    author = {Hanselman, D and Littlefield, B},
    publisher = {Prentice-Hall},
    url = {www.mathworks.com}
}

@techreport{IEA2013b,
    title = {{Medium-term renewable energy market report 2013}},
    year = {2013},
    author = {{IEA}},
    institution = {OECD/IEA}
}

@techreport{Bromberg2010,
    title = {{Methanol as an alternative transportation fuel in the US: Options for sustainable and/or energy-secure transportation}},
    year = {2010},
    author = {Bromberg, L and Cheng, W K},
    url = {http://www.afdc.energy.gov/pdfs/mit_methanol_white_paper.pdf},
    institution = {Sloan Automotive Laboratory, Massachusetts Institute of Technology and Cambridge}
}

@inproceedings{Lozano1988,
    title = {{Methodology for calculating exergy in chemical process}},
    year = {1988},
    booktitle = {American Society of Mechanical Engineers, Advanced Energy Systems Division (Publication) AES},
    author = {Lozano, M A and Valero, A},
    pages = {77--86},
    volume = {4},
    url = {http://www.scopus.com/scopus/inward/record.url?eid=2-s2.0-0024135569&partnerID=40&rel=R6.5.0}
}

@phdthesis{Lozano1987,
    title = {{Metodologia para el Analisis Exergetico de Calderas de Vapor en Centrales Termicas}},
    year = {1987},
    author = {Lozano, M A},
    school = {University of Zaragoza, Spain}
}

@article{ChicoSantamarta20112939,
    title = {{Microbial changes during the on-farm storage of canola (oilseed rape) straw bales and pellets}},
    year = {2011},
    journal = {Biomass and Bioenergy},
    author = {Chico-Santamarta, Leticia and Humphries, Andrea Claire and Chaney, Keith and White, David Richard and Magan, Naresh and Godwin, Richard John},
    number = {7},
    pages = {2939--2949},
    volume = {35},
    url = {http://www.sciencedirect.com/science/article/pii/S0961953411001693},
    doi = {10.1016/j.biombioe.2011.03.025},
    issn = {0961-9534}
}

@techreport{Szargut1978,
    title = {{Minimization of the consumption of natural resources}},
    year = {1978},
    author = {Szargut, Jan},
    institution = {Polish Academy of Sciences}
}

@inproceedings{Romeo1994,
    title = {{Model for the Escatron pressurized fluidized bed coal combustor}},
    year = {1994},
    booktitle = {American Society of Mechanical Engineers, Advanced Energy Systems Division (Publication) AES},
    author = {Romeo, L M and Cortes, C and Lozano, M A and Valero, A and Hernandez, I},
    pages = {57--63},
    volume = {33},
    url = {http://www.scopus.com/scopus/inward/record.url?eid=2-s2.0-0028731062&partnerID=40&rel=R6.5.0}
}

@article{Chinneck1984,
    title = {{Models of large-scale industrial energy systems-II - Optimization and synthesis}},
    year = {1984},
    journal = {Energy},
    author = {Chinneck, J W and Chandrashekar, M},
    number = {8},
    pages = {679--692},
    volume = {9},
    url = {http://www.sciencedirect.com/science?_ob=GatewayURL&_origin=ScienceSearch&_method=citationSearch&_piikey=0360544284900975&_version=1&_returnURL=&md5=4d2ffda0c7879d930851fb234d8a7345}
}

@article{Faaij2006,
    title = {{Modern biomass conversion technologies}},
    year = {2006},
    journal = {Mitigation and adaptation strategies for global change},
    author = {Faaij, Andre},
    pages = {343--375},
    volume = {11},
    url = {http://igitur-archive.library.uu.nl/chem/2007-0621-201531/NWS-E-2006-109.pdf}
}

@article{Fiorini2007,
    title = {{Modular simulation and thermoeconomic analysis of a multi-effect distillation desalination plant}},
    year = {2007},
    journal = {Energy},
    author = {Fiorini, P and Sciubba, E},
    number = {4},
    pages = {459--466},
    volume = {32},
    url = {http://www.scopus.com/scopus/inward/record.url?eid=2-s2.0-33845611104&partnerID=40&rel=R6.5.0}
}

@article{Giannantoni2005,
    title = {{Multicriteria approach for the improvement of energy systems design}},
    year = {2005},
    journal = {Energy},
    author = {Giannantoni, C and Lazzaretto, A and Macor, A and Mirandola, A and Stoppato, A and Tonon, S and Ulgiati, S},
    number = {10},
    pages = {1989--2016},
    volume = {30},
    url = {http://www.scopus.com/scopus/inward/record.url?eid=2-s2.0-12444268280&partnerID=40&rel=R6.5.0}
}

@article{Hardy201238,
    title = {{Negative effects of biomass combustion and co-combustion in boilers}},
    year = {2012},
    journal = {Environment Protection Engineering},
    author = {Hardy, Tomasz and Musialik-Piotrowska, Anna and Coilek, Joanna and Moscicki, Krysztof and Kordylewski, Wlodzimierz},
    pages = {25--33},
    volume = {38},
    url = {http://epe.pwr.wroc.pl/2012/1_2012/03hardy.pdf}
}

@article{Cleveland2005,
    title = {{Net energy from the extraction of oil and gas in the United States}},
    year = {2005},
    journal = {Energy},
    author = {Cleveland, C J},
    number = {5},
    pages = {769--782},
    volume = {30},
    url = {http://www.sciencedirect.com/science/article/pii/S0360544204002890},
    doi = {10.1016/j.energy.2004.05.023},
    issn = {0360-5442}
}

@article{Mika201264,
    title = {{New straw combustion technology for cleaner energy}},
    year = {2012},
    journal = {World Academy of Science, Engineering and Technology},
    author = {Mika, M and Volakova, P and Verner, V and Jankovsky, O and Klapste, B},
    pages = {929--932},
    volume = {64},
    url = {http://www.waset.org/journals/waset/v64/v64-177.pdf}
}

@misc{Bloomberg2012,
    title = {{Next generation biofuels and other bioproducts: opportunities for the countries of the central European initiative}},
    year = {2012},
    author = {{CEI-Bloomberg}},
    institution = {CEI-Bloomberg}
}

@misc{COM,
    title = {{No Title}}
}

@misc{COMb,
    title = {{No Title}}
}

@misc{SWD,
    title = {{No Title}}
}

@misc{COMc,
    title = {{No Title}}
}

@misc{COMd,
    title = {{No Title}}
}

@misc{COMe,
    title = {{No Title}}
}

@misc{COMf,
    title = {{No Title}}
}

@misc{COMg,
    title = {{No Title}}
}

@misc{COMh,
    title = {{No Title}}
}

@misc{SEC,
    title = {{No Title}}
}

@misc{COMi,
    title = {{No Title}}
}

@misc{COMj,
    title = {{No Title}}
}

@misc{COMk,
    title = {{No Title}}
}

@misc{SWDb,
    title = {{No Title}}
}

@article{su3101833,
    title = {{Oil depletion and the energy efficiency of oil production: the case of California}},
    year = {2011},
    journal = {Sustainability},
    author = {Brandt, Adam R},
    number = {10},
    pages = {1833--1854},
    volume = {3},
    url = {http://www.mdpi.com/2071-1050/3/10/1833},
    doi = {10.3390/su3101833},
    issn = {2071-1050}
}

@article{Tsatsaronis2002a,
    title = {{On Avoidable and Unavoidable Exergy Destructions and Investment Costs in Thermal Systems}},
    year = {2002},
    journal = {Energy Conversion and Management},
    author = {Tsatsaronis, G and Park, M.-H. H},
    editor = {{Pergamon}},
    number = {9},
    pages = {1259--1270},
    volume = {43},
    url = {http://www.sciencedirect.com/science?_ob=GatewayURL&_origin=ScienceSearch&_method=citationSearch&_piikey=S0196890402000122&_version=1&_returnURL=&md5=980d34a9e344fecb591e5caaac4cde87}
}

@inproceedings{Tsatsaronis1990a,
    title = {{On Exergy Costing in Exergoeconomics}},
    year = {1990},
    booktitle = {Computer-Aided Engineering and Energy Systems},
    author = {Tsatsaronis, G and Gin, L},
    editor = {Tsatsaronis, G and Bajura, R A and Kenney, W F and Reistad, G M},
    pages = {771--792},
    series = {Second Law Analysis and Modelling - AES},
    volume = {21},
    organization = {The American Society of Mechanical Engineers},
    address = {USA}
}

@article{Torres2008,
    title = {{On the cost formation process of the residues}},
    year = {2008},
    journal = {Energy},
    author = {Torres, C. and Valero, A. and Rangel, V. and Zaleta, A.},
    number = {2},
    month = {2},
    pages = {144--152},
    volume = {33},
    url = {http://www.sciencedirect.com/science/article/pii/S0360544207001089},
    doi = {10.1016/j.energy.2007.06.007},
    issn = {03605442},
    keywords = {Cost accounting, Diagnosis, Residues, Thermoeconomics}
}

@inproceedings{Valero1995,
    title = {{On the energy costs of present day society}},
    year = {1995},
    booktitle = {American Society of Mechanical Engineers, Advanced Energy Systems Division (Publication) AES},
    author = {Valero, Antonio},
    pages = {1--21},
    volume = {35},
    url = {http://www.scopus.com/scopus/inward/record.url?eid=2-s2.0-0029425793&partnerID=40&rel=R6.5.0}
}

@article{Soylemez2000,
    title = {{On the optimum heat exchanger sizing for heat recovery}},
    year = {2000},
    journal = {Energy Conversion and Management},
    author = {So?ylemez, M S},
    number = {13},
    pages = {1419--1427},
    volume = {41},
    url = {http://www.scopus.com/scopus/inward/record.url?eid=2-s2.0-0342794215&partnerID=40&rel=R6.5.0}
}

@inproceedings{Lazzaretto1997,
    title = {{On the Quest for Objective Equations in Exergy Costing}},
    year = {1997},
    booktitle = {AES- Proceedings of the ASME Advanced Energy Systems Division},
    author = {Lazzaretto, A and Tsatsaronis, G},
    pages = {197--209},
    volume = {37},
    publisher = {The American Society of Mechanical Enegineers}
}

@article{Reini2004,
    title = {{On the Thermoeconomic Approach to the Diagnosis of Energy System Malfucntions}},
    year = {2003},
    journal = {Int. J. Thermodynamics},
    author = {Reini, M and Taccani, R},
    pages = {61--72},
    volume = {7}
}

@article{Toffolo2004,
    title = {{On the thermoeconomic approach to the diagnosis of energy system malfunctions indicators to diagnose malfunctions: Application of a new indicator for the location of causes}},
    year = {2004},
    journal = {International Journal of Thermodynamics},
    author = {Toffolo, A and Lazzaretto, A},
    number = {2},
    pages = {41--49},
    volume = {7},
    url = {http://www.scopus.com/scopus/inward/record.url?eid=2-s2.0-3142764091&partnerID=40&rel=R6.5.0}
}

@inproceedings{Valero2004d,
    title = {{On the thermoeconomic approach to the diagnosis of energy system malfunctions Part 1: The TADEUS problem}},
    year = {2004},
    booktitle = {Energy},
    author = {Valero, Antonio and Correas, Luis and Zaleta, Alejandro and Lazzaretto, Andrea and Verda, Vittorio and Reini, Mauro and Rangel, Victor},
    pages = {1875--1887},
    volume = {29},
    isbn = {0360-5442},
    doi = {10.1016/j.energy.2004.04.053},
    issn = {03605442}
}

@article{Valero2004c,
    title = {{On the thermoeconomic approach to the diagnosis of energy system malfunctions Part 2. Malfunction definitions and assessment}},
    year = {2004},
    journal = {Energy},
    author = {Valero, A and Correas, L and Zaleta, A and Lazzaretto, A and Verda, V and Reini, M and Rangel, V},
    number = {12-15 SPEC. ISS.},
    pages = {1889--1907},
    volume = {29},
    url = {http://www.scopus.com/scopus/inward/record.url?eid=2-s2.0-10044272114&partnerID=40&rel=R6.5.0}
}

@inproceedings{Valero2004e,
    title = {{On the thermoeconomic approach to the diagnosis of energy system malfunctions Part 2. Malfunction definitions and assessment}},
    year = {2004},
    booktitle = {Energy},
    author = {Valero, Antonio and Correas, Luis and Zaleta, Alejandro and Lazzaretto, Andrea and Verda, Vittorio and Reini, Mauro and Rangel, Victor},
    pages = {1889--1907},
    volume = {29},
    doi = {10.1016/j.energy.2004.03.008},
    issn = {03605442}
}

@inproceedings{Valero2002b,
    title = {{On the Thermoeconomic Approach to the Diagnosis of Energy System Malfunctions Part-1: the TADEUS Problem.}},
    year = {2002},
    booktitle = {Proceedings of the 15th International Conference on Efficiency, Costs, Optimization, Simulation and Environmental Impact of Energy Systems},
    author = {Valero, A and Correas, L and Zaleta, A and Lazzaretto, A and Verda, V and Reini, M and Rangel, V},
    number = {29},
    pages = {1875--1887},
    address = {Berlin, Germany}
}

@inproceedings{Verda2003,
    title = {{On the Thermoeconomic Approach to the Diagnosis of Energy System Malfunctions Part-3: Approaches to the Diagnosis Problem}},
    year = {2003},
    booktitle = {The 16th International Conference on Efficiency, Cost, Optimization, Simulation and Environmental Impact of Energy Systems},
    author = {Verda, V and VAlero, A and Serra, L and Rangel, V and Zaleta, A and LAzzaretto, A and Toffolo, A and Reini, M and Taccani, R and Donatini, F and Trucato, E},
    pages = {345--353}
}

@inproceedings{Zaleta2003,
    title = {{On the Thermoeconomic Approach to the Diagnosis of Energy System Malfunctions Part-6: Model of Thermodynamic Reconciliation for The Diagnosis of Power Plants}},
    year = {2003},
    booktitle = {The 15th International Conference on Efficiency, Cost, Optimization, Simulation and Environmental Impact of Energy Systems},
    author = {Zaleta, A and Rangel, V and Valero, A},
    pages = {365--372}
}

@article{Correas2004,
    title = {{On the thermoeconomic approach to the diagnosis of energy system malfunctions suitability to real-time monitoring}},
    year = {2004},
    journal = {International Journal of Thermodynamics},
    author = {Correas, L},
    number = {2},
    pages = {85--94},
    volume = {7},
    url = {http://www.scopus.com/scopus/inward/record.url?eid=2-s2.0-3142705308&partnerID=40&rel=R6.5.0}
}

@article{Reini2004a,
    title = {{On the thermoeconomic approach to the diagnosis of energy system malfunctions the role of the fuel impact formula}},
    year = {2004},
    journal = {International Journal of Thermodynamics},
    author = {Reini, M and Taccani, R},
    number = {2},
    pages = {61--72},
    volume = {7},
    url = {http://www.scopus.com/scopus/inward/record.url?eid=2-s2.0-3142674484&partnerID=40&rel=R6.5.0}
}

@article{Lazzaretto2004,
    title = {{On the Thermoeconomic Approach to the Diagnosis of Energy System Malfunctions. Indicators to Diagnose Malfunctions: Application of a New Indicator for the Location of Causes}},
    year = {2004},
    journal = {International Journal of Thermodynamics},
    author = {Lazzaretto, A and Toffolo, A},
    number = {2},
    pages = {41--49},
    volume = {7},
    url = {http://www.scopus.com/scopus/inward/record.url?eid=2-s2.0-3142764091&partnerID=40&rel=R6.5.0}
}

@article{Correas2004a,
    title = {{On The Thermoeconomic Approach to the Diagnosis of Energy System Malfunctions: Suitability to Real-Time Monitoring}},
    year = {2004},
    journal = {Int. J. Thermodynamics},
    author = {Correas, L},
    number = {2},
    pages = {85--94},
    volume = {7}
}

@inproceedings{Valero1989,
    title = {{On the Unification of Thermoecomic Theories}},
    year = {1989},
    booktitle = {Simulation of Thermal Energy Systems},
    author = {Valero, A and Lozano, M. A. and Torres Cuadra, C},
    editor = {{ASME}},
    pages = {63--74},
    series = {ASME Book H00527},
    volume = {124},
    organization = {The American Society of Mechanical Engineers},
    address = {New York}
}

@inproceedings{Valero1989a,
    title = {{On the unification of thermoeconomic theories}},
    year = {1989},
    booktitle = {American Society of Mechanical Engineers, Heat Transfer Division, (Publication) HTD},
    author = {Valero, A and Torres, C and Lozano, M A},
    pages = {63--74},
    volume = {124},
    url = {http://www.scopus.com/scopus/inward/record.url?eid=2-s2.0-0024775753&partnerID=40&rel=R6.5.0}
}

@article{Piacentino2007,
    title = {{On thermoeconomics of energy systems at variable load conditions: Integrated optimization of plant design and operation}},
    year = {2007},
    journal = {Energy Conversion and Management},
    author = {Piacentino, A and Cardona, F},
    number = {8},
    pages = {2341--2355},
    volume = {48},
    url = {http://www.scopus.com/scopus/inward/record.url?eid=2-s2.0-34250804865&partnerID=40&rel=R6.5.0}
}

@article{Valero1996,
    title = {{On-line monitoring of power-plant performance, using exergetic cost techniques}},
    year = {1996},
    journal = {Applied Thermal Engineering},
    author = {Valero, A and Lozano, M A and Bartolome?, J L},
    number = {12},
    pages = {933--948},
    volume = {16},
    url = {http://www.scopus.com/scopus/inward/record.url?eid=2-s2.0-0030358035&partnerID=40&rel=R6.5.0}
}

@article{Correas1999,
    title = {{Operation diagnosis of a combined cycle based on the structural theory of thermoeconomics}},
    year = {1999},
    journal = {American Society of Mechanical Engineers, Advanced Energy Systems Division (Publication) AES},
    author = {Correas, L and Marti?nez, A and Valero, A},
    pages = {381--388},
    volume = {39},
    url = {http://www.scopus.com/scopus/inward/record.url?eid=2-s2.0-0343005939&partnerID=40&rel=R6.5.0}
}

@inproceedings{Spakovsky1988,
    title = {{Optimal design and performance of components in thermal systems}},
    year = {1988},
    booktitle = {American Society of Mechanical Engineers, Advanced Energy Systems Division (Publication) AES},
    author = {von Spakovsky, M R and Evans, R B},
    pages = {65--81},
    volume = {6},
    url = {http://www.scopus.com/scopus/inward/record.url?eid=2-s2.0-0024170251&partnerID=40&rel=R6.5.0}
}

@inproceedings{Frangopoulos1988,
    title = {{Optimal design of a gas turbine plant by a thermoeconomic approach}},
    year = {1988},
    booktitle = {American Society of Mechanical Engineers, International Gas Turbine Institute (Publication) IGTI},
    author = {Frangopoulos, C A},
    pages = {369--375},
    volume = {3},
    url = {http://www.scopus.com/scopus/inward/record.url?eid=2-s2.0-0024132698&partnerID=40&rel=R6.5.0}
}

@article{Cardona2007,
    title = {{Optimal design of CHCP plants in the civil sector by thermoeconomics}},
    year = {2007},
    journal = {Applied Energy},
    author = {Cardona, E and Piacentino, A},
    number = {7},
    pages = {729--748},
    volume = {84},
    url = {http://www.sciencedirect.com/science?_ob=GatewayURL&_origin=ScienceSearch&_method=citationSearch&_piikey=S0306261907000086&_version=1&_returnURL=&md5=fe154a1147aa7acc2c67616a8615980f}
}

@article{Frangopoulos1992,
    title = {{Optimal synthesis and operation of thermal systems by the thermoeconomic functional approach}},
    year = {1992},
    journal = {Journal of Engineering for Gas Turbines and Power},
    author = {Frangopoulos, C A},
    number = {4},
    pages = {707--714},
    volume = {114},
    url = {http://www.scopus.com/scopus/inward/record.url?eid=2-s2.0-0026940227&partnerID=40&rel=R6.5.0}
}

@phdthesis{Serra1994,
    title = {{Optimizacion Exergoeconomica de Sistemas Termicos}},
    year = {1994},
    author = {Serra, L M},
    school = {University of Zaragoza}
}

@misc{Ipi,
    title = {{Optimizing crop nutrition, potassium in soil, plant and agro ecosystem}},
    author = {{International Potash Institute}},
    url = {http://www.ipipotash.org/en/},
    institution = {IPI}
}

@article{Soylemez1999,
    title = {{Optimum insulation thickness for refrigeration applications}},
    year = {1999},
    journal = {Energy Conversion and Management},
    author = {So?ylemez, M S and U?nsal, M},
    number = {1},
    pages = {13--21},
    volume = {40},
    url = {http://www.scopus.com/scopus/inward/record.url?eid=2-s2.0-0032735819&partnerID=40&rel=R6.5.0}
}

@article{su3101888,
    title = {{Order from chaos: a preliminary protocol for determining the EROI of fuels}},
    year = {2011},
    journal = {Sustainability},
    author = {Murphy, David J and Hall, Charles A S and Dale, Michael and Cleveland, Cutler},
    number = {10},
    pages = {1888--1907},
    volume = {3},
    url = {http://www.mdpi.com/2071-1050/3/10/1888},
    doi = {10.3390/su3101888},
    issn = {2071-1050}
}

@article{Valero2006c,
    title = {{Oxy-co-gasification of coal and biomass in an integrated gasification combined cycle (IGCC) power plant}},
    year = {2006},
    journal = {Energy},
    author = {Valero, A and Uso?n, S},
    number = {10-11},
    pages = {1643--1655},
    volume = {31},
    url = {http://www.scopus.com/scopus/inward/record.url?eid=2-s2.0-33646108826&partnerID=40&rel=R6.5.0}
}

@misc{USDAonline,
    title = {{PDS - Production, Supply and Distribution Online}},
    author = {{USDA - United States Department of Agriculture Foreign Agricultural Service}},
    url = {http://www.fas.usda.gov/psdonline/}
}

@article{Zhang2005,
    title = {{Performance evaluation of thermal power system based on the structure theory of thermoeconomic}},
    year = {2005},
    journal = {Zhongguo Dianji Gongcheng Xuebao/Proceedings of the Chinese Society of Electrical Engineering},
    author = {Zhang, C and Liu, L.-M. and Chen, S and Zheng, C.-G.},
    number = {24},
    pages = {108--113},
    volume = {25},
    url = {http://www.scopus.com/scopus/inward/record.url?eid=2-s2.0-33644841667&partnerID=40&rel=R6.5.0}
}

@article{Zhou2006,
    title = {{Phase distributions of alcohol, glycerol, and catalyst in the transesterification of soybean oil}},
    year = {2006},
    journal = {Journal of the American Oil Chemists' Society},
    author = {Zhou, Weiyang and Boocock, D G B},
    number = {12},
    pages = {1047--1052},
    volume = {83},
    publisher = {Springer-Verlag},
    url = {http://dx.doi.org/10.1007/s11746-006-5161-4},
    doi = {10.1007/s11746-006-5161-4},
    issn = {0003-021X},
    keywords = {Base-catalyzed transesterification; biodiesel; eth}
}

@misc{Phyllis2,
    title = {{Phyllis2, database for biomass and waste,}},
    url = {http://www.ecn.nl/phyllis2},
    institution = {Energy research Centre of the Netherlands}
}

@misc{IDAEPER,
    title = {{Plan de Energ�as Renovables (PER) 2011-2020}},
    year = {2011},
    author = {{IDAE}},
    url = {http://www.idae.es/index.php/mod.documentos/mem.descarga?file=/documentos_11227_PER_2011-2020_def_93c624ab.pdf}
}

@techreport{Lang2012,
    title = {{Policy brief. Should we be concerned about competition between food and fuel?}},
    year = {2012},
    author = {Lang, Kerryn},
    url = {www.iisd.org/gsi},
    institution = {International Institute for Sustainable Development}
}

@article{Zhu2012352,
    title = {{Preliminary study at lipids extraction technology from municipal sludge by organic solvent}},
    year = {2012},
    journal = {Procedia Environmental Sciences},
    author = {Zhu, Fenfen and Zhao, Luyao and Zhang, Zhaolong and Jiang, Huimin},
    number = {0},
    pages = {352--356},
    volume = {16},
    url = {http://www.sciencedirect.com/science/article/pii/S1878029612005889},
    doi = {http://dx.doi.org/10.1016/j.proenv.2012.10.050},
    issn = {1878-0296}
}

@misc{SABIC,
    title = {{Prilled urea and granular urea}},
    author = {{SABIC}},
    url = {http://www.sabic.com/corporate/en/productsandservices/fertilizers/prilled-rea-granular-rea},
    institution = {Saudi Basic Industries Corporation}
}

@article{Demirbas20071,
    title = {{Progress and recent trends in biofuels}},
    year = {2007},
    journal = {Progress in Energy and Combustion Science},
    author = {Demirbas, Ayhan},
    number = {1},
    pages = {1--18},
    volume = {33},
    url = {http://www.sciencedirect.com/science/article/pii/S0360128506000256},
    doi = {10.1016/j.pecs.2006.06.001},
    issn = {0360-1285}
}

@inproceedings{Verda2005b,
    title = {{Progressive filtration of the induced effects in thermoeconomic diagnosis of energy systems}},
    year = {2005},
    booktitle = {American Society of Mechanical Engineers, Advanced Energy Systems Division (Publication) AES},
    author = {Verda, V and Borchiellini, R},
    pages = {399--407},
    volume = {45},
    url = {http://www.scopus.com/scopus/inward/record.url?eid=2-s2.0-33645023086&partnerID=40&rel=R6.5.0}
}

@inproceedings{Gaggioli1977a,
    title = {{Proper Evaluation and Pricing of Energy}},
    year = {1977},
    booktitle = {Proceedings of the International Conference on Energy Use Management},
    author = {Gaggioli, R A},
    pages = {31--43},
    volume = {2}
}

@techreport{DGAGRI2012,
    title = {{Prospects for agricultural markets and income in the EU 2012-2020}},
    year = {2012},
    author = {{European Commission}},
    url = {http://ec.europa.eu/agriculture/publi/caprep/prospects2012/fullrep_en.pdf},
    institution = {European Commission, Directorate-General for Agriculture and Rural Development}
}

@misc{Martens2011,
    title = {{Pure plant oil as fuel. Technical aspects and legislative context}},
    year = {2011},
    author = {Martens, Reent and Antonini, Eliseo}
}

@inproceedings{Valero1999b,
    title = {{Qualifying Irreversibilities Through Second Law: Exergy Accounting}},
    year = {1999},
    booktitle = {Third Gordon Research Conference: Modern Developments in Thermodynamics},
    author = {Valero, A},
    pages = {1--20}
}

@techreport{DGCLIMA2011,
    title = {{Reducing emissions from transport}},
    year = {2011},
    author = {{European Commission, DG AGRI}},
    url = {http://ec.europa.eu/clima/policies/transport/index_en.htm},
    institution = {European Commission}
}

@article{Wepfer1980a,
    title = {{Reference Datums for Available Energy}},
    year = {1980},
    journal = {ACS Symp. Ser.},
    author = {Wepfer, W J and Gaggioli, R A},
    pages = {733--755},
    volume = {122}
}

@article{Ahrendts1980,
    title = {{Reference states}},
    journal = {Energy},
    author = {Ahrendts, J},
    pages = {667--677},
    volume = {5}
}

@inproceedings{Gaggioli1999,
    title = {{Reflections on the History and Future of Exergy}},
    year = {1999},
    booktitle = {Proceedings of the International Conference on Efficiency, Costs, Optimization, Simulation and Environmental Aspects of Energy Systems},
    author = {Gaggioli, R A},
    editor = {Ishida Moran, Tsatsaronis},
    pages = {5--13},
    volume = {1},
    address = {Japan}
}

@misc{REN212013,
    title = {{REN21. 2013. Renewables 2013 global status report}},
    year = {2013},
    url = {http://www.ren21.net/}
}

@techreport{Ecofys2012,
    title = {{Renewable energy progress and biofuel sustainability}},
    year = {2012},
    author = {{ECOFYS}},
    url = {http://ec.europa.eu/energy/renewables/reports/doc/2013_renewable_energy_progress.pdf},
    institution = {Report for the European Commission}
}

@techreport{ECN2011,
    title = {{Renewable energy projections as published in the national renewable energy action plans of the European Member States. Covering all 27 EU Member States with updates for 20 Member States}},
    year = {2011},
    author = {Beurskens, L W M and Hekkenberg, M and Vethman, P},
    url = {http://www.ecn.nl/docs/library/report/2010/e10069.pdf},
    institution = {ECN, financed by the European Environmental Agency}
}

@techreport{IEA2011,
    title = {{Renewable energy: markets and prospects by technology}},
    year = {2011},
    author = {{IEA}},
    url = {http://www.iea.org/publications/freepublications/publication/name,20554,en.html},
    institution = {OECD/IEA}
}

@book{Riegel2003,
    title = {{Riegel's Handbook of Industrial Chemistry}},
    year = {2003},
    author = {Riegel, E R and Kent, J A},
    publisher = {Kluwer Academics / Plenum Publishers}
}

@article{Kallivroussis2002347,
    title = {{Rural development: the energy balance of sunflower production for biodiesel in Greece}},
    year = {2002},
    journal = {Biosystems Engineering},
    author = {Kallivroussis, L and Natsis, A and Papadakis, G},
    number = {3},
    pages = {347--354},
    volume = {81},
    url = {http://www.sciencedirect.com/science/article/pii/S1537511001900212},
    doi = {10.1006/bioe.2001.0021},
    issn = {1537-5110}
}

@inproceedings{Valero1992d,
    title = {{Second law efficiency and the relative free energy function}},
    year = {1992},
    booktitle = {American Society of Mechanical Engineers, Advanced Energy Systems Division (Publication) AES},
    author = {Valero, A and Royo, F J},
    pages = {271--278},
    volume = {27},
    url = {http://www.scopus.com/scopus/inward/record.url?eid=2-s2.0-0026977093&partnerID=40&rel=R6.5.0}
}

@article{Zubair1987,
    title = {{SECOND-LAW-BASED THERMOECONOMIC OPTIMIZATION OF TWO-PHASE HEAT EXCHANGERS.}},
    year = {1987},
    journal = {Journal of Heat Transfer},
    author = {Zubair, S M and Kadaba, P V and Evans, R B},
    number = {2},
    pages = {287--294},
    volume = {109},
    url = {http://www.scopus.com/scopus/inward/record.url?eid=2-s2.0-0023096532&partnerID=40&rel=R6.5.0}
}

@misc{SimaPro,
    title = {{SimaPro software}},
    url = {htltp://www.pre-sustainability.com/},
    institution = {Pr� Consultants}
}

@article{Rensonnet2007,
    title = {{Simulation and thermoeconomic analysis of different configurations of gas turbine (GT)-based dual-purpose power and desalination plants (DPPDP) and hybrid plants (HP)}},
    year = {2007},
    journal = {Energy},
    author = {Rensonnet, T and Uche, J and Serra, L},
    number = {6},
    pages = {1012--1023},
    volume = {32},
    url = {http://www.scopus.com/scopus/inward/record.url?eid=2-s2.0-33847145062&partnerID=40&rel=R6.5.0}
}

@misc{EpisaeBook,
    title = {{Sodium hydroxide}},
    author = {{Epina eBook Team}},
    url = {http://www.vias.org/genchem/inorgcomp_sodiumhydroxide.html}
}

@article{Uche2003,
    title = {{Software for the anlaysis of water and energy systems}},
    year = {2003},
    journal = {Desalination},
    author = {Uche, J and Serra, L and Herrero, L A and Valero, A and Ture?gano, J A and Torres, C},
    number = {1-3},
    pages = {367--378},
    volume = {156},
    url = {http://www.scopus.com/scopus/inward/record.url?eid=2-s2.0-0042265227&partnerID=40&rel=R6.5.0}
}

@article{ClevelandHeredeen1989,
    title = {{Solar parabolic collectors: succeeding generations are better net energy and exergy producers}},
    year = {1989},
    journal = {Energy Systems and Policy},
    author = {Cleveland, C J and Herendeen, R A},
    pages = {63--77},
    volume = {13}
}

@article{Lazzaretto2006b,
    title = {{SPECO: A systematic and general methodology for calculating efficiencies and costs in thermal systems}},
    year = {2006},
    journal = {Energy},
    author = {Lazzaretto, A and Tsatsaronis, G},
    number = {8},
    pages = {1257--1289},
    volume = {31},
    url = {http://www.sciencedirect.com/science?_ob=GatewayURL&_origin=ScienceSearch&_method=citationSearch&_piikey=S0360544205000630&_version=1&_returnURL=&md5=4ef3e7ac682652d84e122a35f9f24cbe}
}

@article{Rivero20063310,
    title = {{Standard chemical exergy of elements updated}},
    year = {2006},
    journal = {Energy},
    author = {Rivero, R and Garfias, M},
    number = {15},
    pages = {3310--3326},
    volume = {31},
    url = {http://www.sciencedirect.com/science/article/pii/S0360544206000569},
    doi = {http://dx.doi.org/10.1016/j.energy.2006.03.020},
    issn = {0360-5442}
}

@article{Morris1986,
    title = {{Standard Chemical Exergy of Some Elements and Compounds on the Earth Planet}},
    year = {1986},
    journal = {Energy},
    author = {Morris, D R and Szargut, J},
    editor = {{Elsevier}},
    pages = {733--755},
    volume = {11}
}

@misc{CODEX2005,
    title = {{Standard for names vegetable oils}},
    author = {{CODEX}},
    number = {CODEX STAN 210-2005},
    url = {http://www.codexalimentarius.org/}
}

@techreport{Volpi2013,
    title = {{State of play of EU bioenergy policy}},
    year = {2013},
    author = {Volpi, Giulio},
    institution = {Inteligent Energy Europe. European Commission}
}

@techreport{Stern2007,
    title = {{Stern review on the economics of climate change}},
    year = {2007},
    author = {Stern, Nicholas},
    url = {http://www.cambridge.org/gb/knowledge/isbn/item1164284/?site_locale=en_GB},
    institution = {Cabinet Office - HM Treasury, UK Government}
}

@inproceedings{RecOil2013,
    title = {{Strategies for the optimization of the domestic used cooking oil to biodiesel chain. The European project RecOil}},
    year = {2012},
    booktitle = {Proceedings of the 20th European Biomass Conference and Exhibition},
    author = {Paraiba, O and Tsoutsos, T D and Tournaki, S and Antunes, D and Lino, J and Manning, E}
}

@article{Valero2002c,
    title = {{Structural theory and thermoeconomic diagnosis}},
    year = {2002},
    journal = {Energy Conversion and Management},
    author = {Valero, Antonio and Lerch, Felix and Serra, Luis and Royo, Javier and Torres, César},
    number = {9-12},
    month = {6},
    pages = {1503--1518},
    volume = {43},
    url = {http://www.sciencedirect.com/science/article/pii/S0196890402000328 http://www.sciencedirect.com/science/article/pii/S019689040200033X},
    doi = {10.1016/S0196-8904(02)00032-8},
    issn = {01968904},
    keywords = {Energy, Exergetic cost, Exergy, Exergy cost, Thermoeconomic analysis, Thermoeconomic diagnosis}
}

@article{Valero2002,
    title = {{Structural theory and thermoeconomic diagnosis - Part II: Application to an actual power plant}},
    year = {2002},
    journal = {Energy Conversion and Management},
    author = {Valero, A and Lerch, F and Serra, L and Royo, J},
    number = {9-12},
    pages = {1519--1535},
    volume = {43},
    url = {http://www.scopus.com/scopus/inward/record.url?eid=2-s2.0-0036604983&partnerID=40&rel=R6.5.0}
}

@article{Torres-etal2002,
    title = {{Structural theory and thermoeconomic diagnosis Part I. On malfunction and disfunction analysis}},
    year = {2002},
    journal = {Energy Conversion and Management},
    author = {Torres, C and Valero, A and Serra, L and Royo, F J},
    pages = {1503--1518},
    volume = {43},
    keywords = {Thermoeconomic analysis; Energy; Thermoeconomic di}
}

@inproceedings{Torres2002a,
    title = {{Structural theory and thermoeconomic diagnosis: Part I. On malfunction and dysfunction analysis}},
    year = {2002},
    booktitle = {Energy Conversion and Management},
    author = {Torres, César and Valero, Antonio and Serra, Luis and Royo, Javier},
    number = {9-12},
    pages = {1503--1518},
    volume = {43},
    keywords = {Energy, Exergy, Exergy cost, Thermoeconomic analysis, Thermoeconomic diagnosis}
}

@article{Erlach1999,
    title = {{Structural theory as standard for thermoeconomics}},
    year = {1999},
    journal = {Energy Conversion and Management},
    author = {Erlach, B and Serra, L and Valero, A},
    pages = {1627--1649},
    volume = {40}
}

@article{Erlach1999b,
    title = {{Structural theory as standard for thermoeconomics}},
    year = {1999},
    journal = {Energy Conversion and Management},
    author = {Erlach, B and Serra, L and Valero, A},
    number = {15},
    pages = {1627--1649},
    volume = {40},
    url = {http://www.scopus.com/scopus/inward/record.url?eid=2-s2.0-0033348384&partnerID=40&rel=R6.5.0}
}

@inproceedings{Valero1993,
    title = {{Structural theory of thermoeconomics}},
    year = {1993},
    booktitle = {AES- Proceedings of the ASME Advanced Energy Systems Division},
    author = {Valero, A and Serra, L and Lozano, M A},
    editor = {Richter, H J},
    pages = {189--198},
    series = {H00874},
    volume = {30},
    publisher = {The American Society of Mechanical Enegineers},
    url = {http://www.scopus.com/scopus/inward/record.url?eid=2-s2.0-0027885968&partnerID=40&rel=R6.5.0}
}

@article{Coppola20091626,
    title = {{Sustainability of bioethanol production from wheat with recycled residues as evaluated by Emergy assessment}},
    year = {2009},
    journal = {Biomass and Bioenergy},
    author = {Coppola, F and Bastianoni, S and Osterg{\textbackslash}rard, H},
    number = {11},
    pages = {1626--1642},
    volume = {33},
    url = {http://www.sciencedirect.com/science/article/pii/S0961953409001664},
    doi = {10.1016/j.biombioe.2009.08.003},
    issn = {0961-9534},
    keywords = {1st generation bioethanol}
}

@inproceedings{EMSA2013,
    title = {{Sustainable energy for transport with alternative fuels. A maritime transport perspective}},
    year = {2013},
    booktitle = {Sustainable energy for transport with alternative fuels. EU Sustainable Energy Week},
    author = {Mylly, Markku},
    url = {http://eusew.eu/upload/events/553_1207_presentation markku mylly emsa.pdf}
}

@techreport{Rutz2012,
    title = {{Sustainable heat use of biogas plants. A handbook}},
    year = {2012},
    author = {Rutz, Dominik and Mergner, Rita and Janssen, Rainer},
    institution = {Project BiogasHeat, supported by the Intelligent Energy -- Europe Programme (IEE) of the European Commission}
}

@techreport{WEF2012,
    title = {{Sustainable transportation ecosystem. Addressing sustainability from an integrated systems perspective}},
    year = {2012},
    author = {Moavenzadeh, John and Chiesa, Thea and Ammirati, Stefano and Doherty, Sean and Lanitis, Johanna and Sayler, Philipp and Bernard, Maxime and Aase, Guttorm},
    url = {http://www.weforum.org/reports},
    institution = {World Economic Forum}
}

@phdthesis{Torres1991b,
    title = {{Symbolic exergoeconomics: methodology for thermoeconomic analysis of energy systems}},
    year = {1991},
    author = {Torres, C},
    school = {Universidad de zaragoza}
}

@incollection{SyT04,
    title = {{Symbolic Thermoeconomic Analysis of Energy Systems}},
    year = {2004},
    booktitle = {Exergy, Energy System Analysis and Optimization, from Encyclopedia of Life Support System (EOLSS). Developed under the Auspices of the UNESCO.},
    author = {Torres, C},
    editor = {Frangopoulos, C A},
    publisher = {Eolss Publishers, Oxford, U.K.},
    url = {http://www.eolss.net}
}

@incollection{Torres2006,
    title = {{Symbolic thermoeconomic analysis of energy systems}},
    year = {2006},
    booktitle = {Exergy, energy system analysis and optimization, from Encyclopedia of Life Support Systems (EOLSS)},
    author = {Torres, C},
    editor = {Frangopoulos, C},
    publisher = {EOLSS Publishers},
    howpublished = {EOLSS Publishers}
}

@techreport{COWI2009,
    title = {{Technical assistance for an evaluation of international schemes to promote biomass sustainability}},
    year = {2009},
    author = {Londo, Marc},
    institution = {COWI Consortium: ECN, Copernicus Institute, University of Copenhagen, COWI A/S, ControlUnion Certifications}
}

@techreport{Uche2001,
    title = {{Technical Guide for the Heat Rate Assessment of the Teruel Power Plant}},
    year = {2001},
    author = {Uche, J},
    institution = {Centre of Research for Energy Resosurces and Consumption, CIRCE}
}

@misc{Tamu2010,
    title = {{Techniques of seed production and handling. Chapter 6}},
    year = {2010},
    institution = {Texas A{\&}M University}
}

@techreport{IEABiofuels2011,
    title = {{Technology roadmap, biofuels for transport}},
    year = {2011},
    author = {Brown, Adam and Fulton, Lew},
    url = {http://www.iea.org/publications/freepublications/publication/biofuels_roadmap.pdf},
    institution = {OECD/IEA}
}

@book{Knothe2005,
    title = {{The biodiesel handbook}},
    year = {2005},
    author = {Knothe, Gerhard and Krahl, J�rgen and Van Gerpen, Jon},
    publisher = {Amer Oil Chemists Society}
}

@inproceedings{Lazzaretto2005,
    title = {{The characteristic curve method in energy systems diagnosis: Analysis of uncertainties in a real plant}},
    year = {2005},
    booktitle = {American Society of Mechanical Engineers, Advanced Energy Systems Division (Publication) AES},
    author = {Lazzaretto, A and Toffolo, A and Passuello, R and Ju?des, M and Cziesla, F and Tsatsaronis, G},
    pages = {379--390},
    volume = {45},
    url = {http://www.scopus.com/scopus/inward/record.url?eid=2-s2.0-33645031652&partnerID=40&rel=R6.5.0}
}

@article{DiLucia2012,
    title = {{The dilemma of indirect land-use changes in EU biofuel policy: an empirical study of policy-making in the context of scientific uncertainty}},
    year = {2012},
    journal = {Environmental Science {\&} Policy},
    author = {Di Lucia, Lorenzo and Ahlgren, Serina and Ericsson, Karin},
    pages = {9--19},
    volume = {16},
    url = {http://www.sciencedirect.com/science/article/pii/S1462901111001754},
    doi = {10.1016/j.envsci.2011.11.004},
    issn = {1462-9011},
    keywords = {Biofuel}
}

@article{Royo1997,
    title = {{The dissipation temperature: A tool for the analysis of malfunctions in thermomechanical systems}},
    year = {1997},
    journal = {Energy Conversion and Management},
    author = {Royo, J and Valero, A and Zaleta, A},
    number = {15-17},
    pages = {1557--1566},
    volume = {38},
    url = {http://www.scopus.com/scopus/inward/record.url?eid=2-s2.0-0031258292&partnerID=40&rel=R6.5.0}
}

@article{Verda2004c,
    title = {{The effects of the control system on the thermoeconomic diagnosis of a power plant}},
    year = {2004},
    journal = {Energy},
    author = {Verda, V and Serra, L and Valero, A},
    number = {3},
    pages = {331--359},
    volume = {29},
    url = {http://www.scopus.com/scopus/inward/record.url?eid=2-s2.0-0842301513&partnerID=40&rel=R6.5.0}
}

@techreport{WWF2011,
    title = {{The energy report 100{\%} renewable energy by 2050}},
    year = {2011},
    author = {{WWF, Ecofys and OMA}},
    url = {http://wwf.panda.org/what_we_do/footprint/climate_carbon_energy/energy_solutions/renewable_energy/sustainable_energy_report/},
    institution = {WWF}
}

@article{Georgescu1986,
    title = {{The Entropy Law and the economic process in retrospect}},
    year = {1986},
    journal = {Eastern Economic Journal},
    author = {Georgescu-Roegen, Nicholas},
    pages = {3--25},
    volume = {12},
    url = {http://www.jstor.org/stable/40357380}
}

@misc{FEDIOL,
    title = {{The EU Vegetable Oil and Proteinmeal Industry}},
    author = {{FEDIOL}},
    url = {http://www.fediol.eu/}
}

@incollection{Stoppato1996,
    title = {{The Exergetic Analysis for Energy System Diagnosys}},
    year = {1996},
    booktitle = {AES: Thermodynamics and the Design, Analysis and Improvement of Energy Systems},
    author = {Stoppato, A and Lazzaretto, A},
    editor = {A.B. Duncan J. Fiszdon, D O'neal K Den Braven},
    pages = {191--198},
    series = {Book No. H01022},
    publisher = {ASME}
}

@misc{CIRCE2013,
    title = {{The Exergoecology Portal}},
    year = {2013},
    author = {{CIRCE}},
    url = {http://www.exergoecology.com/}
}

@book{Kotas1985,
    title = {{The Exergy Method of Thermal Plant Analysis}},
    year = {1985},
    author = {Kotas, T J},
    series = {Reprint Edition},
    publisher = {Butterworths, London}
}

@book{Kotas1995,
    title = {{The exergy method of thermal plant analysis}},
    year = {1995},
    author = {Kotas, T J},
    publisher = {Krieger Publishing Company},
    address = {Malabar, Florida}
}

@inproceedings{Spakovsky1990a,
    title = {{The Foundations of Enegineering Functional Analysis (Part I and II)}},
    year = {1990},
    booktitle = {A Future for Energy, FLOWERS 1990},
    author = {Spakovsky, M R Von and {Evans}},
    address = {Florence, Italy}
}

@inproceedings{Torres2012,
    title = {{The fuel impact formula revisited}},
    year = {2012},
    booktitle = {Proceedings of the 25th International Conference on Efficiency, Cost, Optimization and Simulation of Energy Conversion Systems and Processes, ECOS 2012},
    author = {Torres, César and Valero, Antonio},
    pages = {207--220},
    volume = {3},
    publisher = {Aabo Akademi University},
    url = {http://www.scopus.com/inward/record.url?eid=2-s2.0-84896343768&partnerID=tZOtx3y1},
    isbn = {9788866553229},
    keywords = {Energy savings, Fuel impact formula, Irreversibility, Thermoeconomic isolation}
}

@inproceedings{Torres2012a,
    title = {{The Fuel Impact formula revisited}},
    year = {2012},
    booktitle = {Proceedings of ECOS 2012. The 25th International Conference on Efficiency, Cost, Optimization, Simulation and Environmental Impact of Energy Systems (June 26-29, 2012, Perugia, Italy)},
    author = {Torres, Cesar and Valero, Antonio},
    pages = {240--249},
    url = {http://www.scopus.com/scopus/inward/record.url?eid=2-s2.0-0031388275&partnerID=40&rel=R6.5.0}
}

@techreport{Moniz2010,
    title = {{The Future of natural gas. An interdisciplinary MIT study}},
    year = {2010},
    author = {Moniz, Ernest J and Jacoby, Henry D and Meggs, Anthony J M},
    institution = {MIT Massachusetts Institute of Technology}
}

@techreport{BioDieNet2009,
    title = {{The future of small scale, localised biodiesel production from used cooking oil and its use in higher blends}},
    year = {2009},
    author = {{BioDieNet Project}},
    institution = {Project supported by the Intelligent Energy -- Europe (IEE) Programme of the European Commission}
}

@techreport{GBEP2011,
    title = {{The Global Bioenergy Partnership sustainability indicators for bioenergy}},
    year = {2011},
    author = {{Global BioEnergy Partnership}},
    url = {http://www.globalbioenergy.org/programmeofwork/task-force-on-sustainability/gbep-report-on-sustainability-indicators-for-bioenergy/en/},
    institution = {GBEP}
}

@misc{ePURE2013,
    title = {{The production of renewable ethanol}},
    author = {{ePURE}},
    url = {http://www.epure.org/product/production-renewable-ethanol},
    institution = {European Renewable Ethanol Industry Association}
}

@article{Torres1996,
    title = {{The productive structure and thermoeconomic theories of system optimization}},
    year = {1996},
    journal = {American Society of Mechanical Engineers, Advanced Energy Systems Division (Publication) AES},
    author = {Torres, C. and Serra, L. and Valero, A. and Lozano, M. A.},
    pages = {429--436},
    volume = {36},
    url = {http://www.scopus.com/scopus/inward/record.url?eid=2-s2.0-0030399965&partnerID=40&rel=R6.5.0 http://www.scopus.com/inward/record.url?eid=2-s2.0-0030399965&partnerID=tZOtx3y1}
}

@book{Reid1987,
    title = {{The properties of gases and liquids}},
    year = {1987},
    author = {Reid, Robert C and Prausnitz, J M and Sherwood, Thomas Kilgore},
    publisher = {McGraw-Hill}
}

@book{Valero2003,
    title = {{The Thermodynamic Process of Cost Formation}},
    year = {2003},
    booktitle = {Energy Sciences, Engineering and Technology Resources},
    author = {Valero, A},
    publisher = {EOLSS Publishers, LTD. UK.}
}

@book{ElSayed03,
    title = {{The Thermoeconomic of Energy Conversion}},
    year = {2003},
    author = {El-Sayed, Yehia},
    publisher = {Elsevier Ltd. Oxford U.K.}
}

@article{Cornelissen-Hirs2002,
    title = {{The value of the exergetic life cycle assessment besides the LCA}},
    year = {2002},
    journal = {Energy Conversion and Management},
    author = {Cornelissen, R L and Hirs, G G},
    number = {12},
    pages = {1417--1424},
    volume = {43},
    url = {http://www.sciencedirect.com/science/article/pii/S0196890402000250},
    doi = {10.1016/S0196-8904(02)00025-0},
    issn = {0196-8904},
    keywords = {Exergy}
}

@book{Roegen1971,
    title = {{The {\{}E{\}}ntropy {\{}L{\}}aw and the {\{}E{\}}conomic Process}},
    year = {1971},
    author = {Georgescu-Roegen, N},
    publisher = {Harvard University Press},
    address = {MA. USA}
}

@article{Valero1993b,
    title = {{Theory of the Exergetic Cost}},
    year = {1993},
    journal = {Energy},
    author = {Valero, A and Lozano, M A},
    editor = {Press, Pergamon},
    number = {9},
    pages = {939--960},
    volume = {18}
}

@article{Lozano1993,
    title = {{Theory of the Exergetic Cost}},
    year = {1993},
    journal = {Energy},
    author = {Lozano, M A and Valero, A},
    editor = {Press, Pergamon},
    number = {9},
    pages = {939--960},
    volume = {18},
    url = {http://www.scopus.com/scopus/inward/record.url?eid=2-s2.0-0027656213&partnerID=40&rel=R6.5.0}
}

@book{Bejan1996,
    title = {{Thermal Design and Optimization}},
    year = {1996},
    author = {Bejan, Adrian and Tsatsaronis, George and Moran, Michael J},
    publisher = {Wiley}
}

@article{Frangopoulos1987a,
    title = {{Thermo-economic functional analysis and optimization}},
    year = {1987},
    journal = {Energy},
    author = {Frangopoulos, C A},
    number = {7},
    pages = {563--571},
    volume = {12},
    url = {http://www.sciencedirect.com/science?_ob=GatewayURL&_origin=ScienceSearch&_method=citationSearch&_piikey=0360544287900971&_version=1&_returnURL=&md5=b5fd69628009187bdcd6273f188e6ff7}
}

@article{Nafey2006,
    title = {{Thermo-economic investigation of multi effect evaporation (MEE) and hybrid multi effect evaporation-multi stage flash (MEE-MSF) systems}},
    year = {2006},
    journal = {Desalination},
    author = {Nafey, A S and Fath, H E S and Mabrouk, A A},
    number = {1-3},
    pages = {241--254},
    volume = {201},
    url = {http://www.scopus.com/scopus/inward/record.url?eid=2-s2.0-33751159204&partnerID=40&rel=R6.5.0}
}

@article{Zaleta2004,
    title = {{Thermocharacterization of Power Systems Components: A Tool to Diagnose their Malfunctions}},
    year = {2004},
    journal = {ENERGY},
    author = {Zaleta, A and Royo, J and Rangel, V and Torres, E},
    pages = {361--377},
    volume = {29}
}

@techreport{Tribus1956,
    title = {{Thermodynamic and Economic Considerations in the Preparation of Fresh Water from Sea Water}},
    year = {1956},
    author = {Tribus, M},
    number = {56},
    institution = {University of California, Los Angeles}
}

@article{Chen2001,
    title = {{Thermodynamic and thermoeconomic analyses of an irreversible combined Carnot heat engine system}},
    year = {2001},
    journal = {International Journal of Energy Research},
    author = {Chen, J},
    number = {5},
    pages = {413--426},
    volume = {25},
    url = {http://www.scopus.com/scopus/inward/record.url?eid=2-s2.0-0035308911&partnerID=40&rel=R6.5.0}
}

@article{Ozturk2005,
    title = {{Thermodynamic optimization of combined cycles}},
    year = {2005},
    journal = {International Journal of Energy Research},
    author = {O?ztu?rk, A and S?enel, A and Onbas?iog?lu, S U},
    number = {7},
    pages = {657--670},
    volume = {29},
    url = {http://www.scopus.com/scopus/inward/record.url?eid=2-s2.0-20444454265&partnerID=40&rel=R6.5.0}
}

@incollection{Valero2006b,
    title = {{Thermodynamic process of cost formation}},
    year = {2006},
    booktitle = {Exergy, energy system analysis and optimization, Vol. II from Encyclopedia of Life Support Systems (EOLSS)},
    author = {Valero, A},
    editor = {Frangopoulos, C},
    publisher = {EOLSS Publishers},
    url = {http://teide.cps.unizar.es:8080/pub/publicir.nsf/codigospub/0251/$FILE/CP0251.pdf},
    howpublished = {EOLSS Publishers}
}

@book{Keenan1941,
    title = {{Thermodynamics}},
    year = {1941},
    author = {Keenan, J H},
    publisher = {Jhon Wiley and Sons, New York}
}

@incollection{Valero1999,
    title = {{Thermodynamics and Optimization of Complex Energy Systems}},
    year = {1999},
    author = {Valero, A and Correas, L and Serra, L},
    editor = {Bejan, A and Mamut, M},
    chapter = {On-line th},
    pages = {117--136},
    publisher = {Kluver Academic Publishers}
}

@phdthesis{Cornelissen1997,
    title = {{Thermodynamics and sustainable development; the use of exergy analysis and the reduction of irreversibility}},
    year = {1997},
    author = {Cornelissen, R L},
    school = {University of Twente}
}

@article{Tsatsaronis1989,
    title = {{Thermodynamics meets economics}},
    year = {1989},
    journal = {Mechanical Engineering},
    author = {Tsatsaronis, George and Valero, Antonio},
    number = {8},
    pages = {84--86},
    volume = {111},
    url = {http://www.scopus.com/scopus/inward/record.url?eid=2-s2.0-0024714364&partnerID=40&rel=R6.5.0}
}

@incollection{ValeroTorres,
    title = {{Thermoeconomic analysis}},
    year = {2004},
    booktitle = {Exergy, energy system analysis and optimization},
    author = {Valero, Antonio and Torres, Cesar},
    publisher = {UNESCO - EOLSS}
}

@article{Verda2004,
    title = {{Thermoeconomic analysis and diagnosis of energy utility systems from diagnosis to prognosis}},
    year = {2004},
    journal = {International Journal of Thermodynamics},
    author = {Verda, V},
    number = {2},
    pages = {73--83},
    volume = {7},
    url = {http://www.scopus.com/scopus/inward/record.url?eid=2-s2.0-3142737502&partnerID=40&rel=R6.5.0}
}

@article{Tsatsaronis1993,
    title = {{Thermoeconomic analysis and optimization of energy systems}},
    year = {1993},
    journal = {Progress in Energy and Combustion Science},
    author = {Tsatsaronis, George},
    number = {3},
    pages = {227--257},
    volume = {19},
    url = {http://www.scopus.com/scopus/inward/record.url?eid=2-s2.0-0027842654&partnerID=40&rel=R6.5.0}
}

@phdthesis{Uche2000,
    title = {{Thermoeconomic Analysis and Simulation of a Combined Power and Desalination Plant}},
    year = {2000},
    author = {Uche, J},
    school = {University of Zaragoza}
}

@article{Torres-Reyes2001,
    title = {{Thermoeconomic analysis at optimal performance of non-isothermal flat-plate solar collectors}},
    year = {2001},
    journal = {International Journal of Applied Thermodynamics},
    author = {Torres-Reyes, E and Ibarra-Salazar, B A and Cervantes-De, G J G},
    number = {2},
    pages = {103--109},
    volume = {4},
    url = {http://www.scopus.com/scopus/inward/record.url?eid=2-s2.0-0035361467&partnerID=40&rel=R6.5.0}
}

@inproceedings{Silveira2000,
    title = {{Thermoeconomic analysis method for optimization of combined heat and power systems}},
    year = {2000},
    booktitle = {ECOS 2000},
    author = {Silveira, J L and Tuna, C E},
    pages = {233--244},
    volume = {1},
    url = {http://www.scopus.com/scopus/inward/record.url?eid=2-s2.0-0141705286&partnerID=40&rel=R6.5.0}
}

@inproceedings{Cruz2002,
    title = {{Thermoeconomic Analysis of a Cogeneration System of Compression Ignition Engine and Absorption Refrigeration Machine}},
    year = {2002},
    booktitle = {American Society of Mechanical Engineers, Advanced Energy Systems Division (Publication) AES},
    author = {Cruz, R W and Nebra, S A},
    pages = {195--203},
    volume = {42},
    url = {http://www.scopus.com/scopus/inward/record.url?eid=2-s2.0-0346781710&partnerID=40&rel=R6.5.0}
}

@article{Barreda1998,
    title = {{Thermoeconomic analysis of a Cuban sugar cane mill}},
    year = {1998},
    journal = {Energy Conversion and Management},
    author = {Barreda Del Campo, E R and Arau?jo Da Gama Cerqueira, S A and Nebra, S A},
    number = {16-18},
    pages = {1773--1780},
    volume = {39},
    url = {http://www.scopus.com/scopus/inward/record.url?eid=2-s2.0-0032209095&partnerID=40&rel=R6.5.0}
}

@article{Uche2000a,
    title = {{Thermoeconomic analysis of a dual-purpose power and desalination plant}},
    year = {2000},
    journal = {American Society of Mechanical Engineers, Advanced Energy Systems Division (Publication) AES},
    author = {Uche, J and Serra, L and Valero, A},
    pages = {201--209},
    volume = {40},
    url = {http://www.scopus.com/scopus/inward/record.url?eid=2-s2.0-0040197798&partnerID=40&rel=R6.5.0}
}

@article{Alvarez2006,
    title = {{Thermoeconomic analysis of a fuel cell hybrid power system from the fuel cell experimental data}},
    year = {2006},
    journal = {Energy},
    author = {Alvarez, T and Valero, A and Montes, J M},
    number = {10},
    pages = {1358--1370},
    volume = {31},
    url = {http://www.sciencedirect.com/science?_ob=GatewayURL&_origin=ScienceSearch&_method=citationSearch&_piikey=S0360544205001362&_version=1&_returnURL=&md5=a3630952bbd189d29a5cb9bb8d37ac6a}
}

@inproceedings{Lozano93,
    title = {{Thermoeconomic Analysis of a Gas Turbine Cogeneration System}},
    year = {1993},
    booktitle = {Thermodynamics and the Design, Analysis and Improvements of Energy Systems. ASME Book No. H00874. AES},
    author = {Lozano, Miguel A and Valero, A},
    editor = {Richter, H S},
    pages = {312--320},
    volume = {30},
    publisher = {ASME, NY}
}

@article{Fiorini2005,
    title = {{Thermoeconomic analysis of a MSF desalination plant}},
    year = {2005},
    journal = {Desalination},
    author = {Fiorini, P and Sciubba, E},
    number = {1-3},
    pages = {39--51},
    volume = {182},
    url = {http://www.scopus.com/scopus/inward/record.url?eid=2-s2.0-27944474743&partnerID=40&rel=R6.5.0}
}

@article{Hamed2006,
    title = {{Thermoeconomic analysis of a power/water cogeneration plant}},
    year = {2006},
    journal = {Energy},
    author = {Hamed, O A and Al-Washmi, H A and Al-Otaibi, H A},
    number = {14},
    pages = {2363--2373},
    volume = {31},
    url = {http://www.scopus.com/scopus/inward/record.url?eid=2-s2.0-33746994572&partnerID=40&rel=R6.5.0}
}

@inproceedings{Barreda2000,
    title = {{Thermoeconomic analysis of cogeneration in a Brazilian sugar-alcohol factory}},
    year = {2000},
    booktitle = {ECOS 2000},
    author = {Barreda Del Campo, E R and Nebra, S A},
    pages = {1609--1620},
    volume = {3},
    url = {http://www.scopus.com/scopus/inward/record.url?eid=2-s2.0-0141430945&partnerID=40&rel=R6.5.0}
}

@article{Massardo2000,
    title = {{Thermoeconomic analysis of gas turbine based cycles}},
    year = {2000},
    journal = {Journal of Engineering for Gas Turbines and Power},
    author = {Massardo, A F and Scialo?, M},
    number = {4},
    pages = {664--671},
    volume = {122},
    url = {http://www.scopus.com/scopus/inward/record.url?eid=2-s2.0-0034287350&partnerID=40&rel=R6.5.0}
}

@inproceedings{Lozano1993a,
    title = {{Thermoeconomic analysis of gas turbine cogeneration systems}},
    year = {1993},
    booktitle = {American Society of Mechanical Engineers, Advanced Energy Systems Division (Publication) AES},
    author = {Lozano, M A and Valero, A},
    pages = {311--320},
    volume = {30},
    url = {http://www.scopus.com/scopus/inward/record.url?eid=2-s2.0-0027839891&partnerID=40&rel=R6.5.0}
}

@article{El-Sayed1989AProcedures,
    title = {{A Critical Review of Second Law Costing Methods—I: Background and Algebraic Procedures}},
    shorttitle = {A Critical Review of Second Law Costing Methods—I},
    year = {1989},
    journal = {Journal of Energy Resources Technology},
    author = {El-Sayed, Y. M. and Gaggioli, R. A.},
    number = {1},
    month = {3},
    pages = {1--7},
    volume = {111},
    url = {http://dx.doi.org/10.1115/1.3231396},
    doi = {10.1115/1.3231396},
    issn = {0195-0738}
}

@article{Gaggioli1989AProcedures,
    title = {{A Critical Review of Second Law Costing Methods—II: Calculus Procedures}},
    shorttitle = {A Critical Review of Second Law Costing Methods—II},
    year = {1989},
    journal = {Journal of Energy Resources Technology},
    author = {Gaggioli, R. A. and El-Sayed, Y. M.},
    number = {1},
    month = {3},
    pages = {8--15},
    volume = {111},
    url = {http://dx.doi.org/10.1115/1.3231402 http://www.sciencedirect.com/science/article/pii/S0301420709000531},
    doi = {10.1115/1.3231402},
    issn = {0195-0738}
}

@article{Lazzaretto2006ASystems,
    title = {{A critical review of the thermoeconomic diagnosis methodologies for the location of causes of malfunctions in energy Systems}},
    year = {2006},
    journal = {Journal of Energy Resources Technology, Transactions of the ASME},
    author = {Lazzaretto, A. and Toffolo, A.},
    number = {4},
    pages = {335–341},
    volume = {128},
    url = {http://www.scopus.com/scopus/inward/record.url?eid=2-s2.0-33845464380&partnerID=40&rel=R6.5.0}
}

@article{Frangopoulos1997ASystems,
    title = {{A method for taking into account environmental impacts in the economic evaluation of energy systems}},
    year = {1997},
    journal = {Efficiency, Cost, Optimization, Simulation and Environmental Aspects of Energy Systems},
    author = {Frangopoulos, Christos A. and Caralis, Yannis C.},
    number = {15–17},
    month = {10},
    pages = {1751--1763},
    volume = {38},
    url = {http://www.sciencedirect.com/science/article/pii/S0196890496001872},
    doi = {10.1016/S0196-8904(96)00187-2},
    issn = {0196-8904}
}

@article{Toffolo2007ASystems,
    title = {{A new thermoeconomic method for the location of causes of malfunctions in energy systems}},
    year = {2007},
    journal = {Journal of Energy Resources Technology, Transactions of the ASME},
    author = {Toffolo, A. and Lazzaretto, A.},
    number = {1},
    pages = {1–9},
    volume = {129},
    url = {http://www.scopus.com/scopus/inward/record.url?eid=2-s2.0-34248149006&partnerID=40&rel=R6.5.0}
}

@article{Bakshi2002AEngineering,
    title = {{A thermodynamic framework for ecologically conscious process systems engineering}},
    year = {2002},
    journal = {Computers {\&} Chemical Engineering},
    author = {Bakshi, Bhavik R.},
    number = {2},
    month = {2},
    pages = {269--282},
    volume = {26},
    url = {http://www.sciencedirect.com/science/article/pii/S0098135401007451},
    doi = {10.1016/S0098-1354(01)00745-1},
    issn = {00981354},
    keywords = {Ecosystem services, Embodied energy, Emergy, Exergy, Life cycle assessment}
}

@article{Uson2006AnamnesisPlant,
    title = {{Anamnesis for Improving Thermoeconomic Diagnosis: The Case of a 3 x 350 MW Coal-Fired Power Plant}},
    year = {2006},
    journal = {ASME Conference Proceedings},
    author = {Uson, Sergio and Correas, Luis and Valero, Antonio},
    number = {42487},
    pages = {107--114},
    volume = {2006},
    url = {http://link.aip.org/link/abstract/ASMECP/v2006/i42487/p107/s1},
    doi = {10.1115/ESDA2006-95341}
}

@inproceedings{Verda2008ApplicationPlants,
    title = {{Application of Thermoeconomic Analysis to the Evaluation of Potential Improvement for Energy Resources Saving in Process Plants}},
    year = {2008},
    author = {Verda, Vittorio and Torres, César and Valero, Antonio},
    pages = {501–506},
    url = {http://teide.cps.unizar.es:8080/pub/publicir.nsf/codigospub/0721/$FILE/cp0721.pdf}
}

@article{Gonzalez2003ApplicationPlants,
    title = {{Application of thermoeconomics to the allocation of environmental loads in the life cycle assessment of cogeneration plants}},
    year = {2003},
    journal = {Energy},
    author = {Gonz{\'{a}}lez, A. and Sala, J. M. and Flores, I. and L{\'{o}}pez, L. M.},
    number = {6},
    month = {5},
    pages = {557--574},
    volume = {28},
    publisher = {Pergamon},
    url = {https://www.sciencedirect.com/science/article/pii/S0360544202001561?via%3Dihub},
    isbn = {3494601429},
    doi = {10.1016/S0360-5442(02)00156-1},
    issn = {03605442}
}

@article{Cuadra2009APPLYINGCHAIN,
    title = {{APPLYING THERMOECONOMICS TO THE ANALYSIS OF THE NORTH AMERICAN FOOD CHAIN}},
    year = {2009},
    author = {Cuadra, César Torres and Capilla, Antonio Valero and Delgado, Alicia Valero and Ram{\'{i}}rez, Maryori Díaz},
    url = {http://teide.cps.unizar.es:8080/pub/publicir.nsf/codigospub/0594/$FILE/cp0594.pdf}
}

@article{Valero1994CGAMSolution,
    title = {{CGAM problem: Definition and conventional solution}},
    shorttitle = {CGAM problem},
    year = {1994},
    journal = {Energy},
    author = {Valero, Antonio and Lozano, Miguel A. and Tsatsaronis, Luis SerraGeorge and Spakovsky, Javier PisaChristos FrangopoulosMichael R. von},
    number = {3},
    month = {3},
    pages = {279--286},
    volume = {19},
    url = {http://www.sciencedirect.com/science?_ob=ArticleURL&_udi=B6V2S-498M50Y-7J&_user=10&_coverDate=03%2F31%2F1994&_alid=897260841&_rdoc=19&_fmt=high&_orig=search&_cdi=5710&_sort=d&_docanchor=&view=c&_ct=21&_acct=C000050221&_version=1&_urlVersion=0&_userid=10&m},
    doi = {10.1016/0360-5442(94)90112-0}
}

@article{Martinez2010ChemicalFlow,
    title = {{Chemical exergy assessment of organic matter in a water flow}},
    year = {2010},
    journal = {Energy},
    author = {Mart{\'{i}}nez, Amaya and Uche, Javier},
    number = {1},
    pages = {77–84},
    volume = {35},
    url = {http://www.sciencedirect.com/science/article/pii/S036054420900379X}
}

@article{Piacentino2013CriticalCapacity,
    title = {{Critical analysis of conventional thermoeconomic approaches to the diagnosis of multiple faults in air conditioning units: Capabilities, drawbacks and improvement directions. A case study for an air-cooled system with 120 kW capacity}},
    year = {2013},
    journal = {International Journal of Refrigeration},
    author = {Piacentino, Antonio and Talamo, Miriam},
    number = {1},
    month = {1},
    pages = {24--44},
    volume = {36},
    url = {http://www.sciencedirect.com/science/article/pii/S0140700712002393},
    doi = {10.1016/j.ijrefrig.2012.09.014},
    issn = {01407007},
    keywords = {Multiple faults, Quantitative analysis, Refrigeration, Thermoeconomic diagnosis, Virtual experiments, analyse quantitative, anomalies multiples, diagnostic thermo{\'{e}}conomique, exp{\'{e}}riences virtuelles, froid}
}

@article{Tsatsaronis2007DefinitionsExergoeconomics,
    title = {{Definitions and nomenclature in exergy analysis and exergoeconomics}},
    year = {2007},
    journal = {Energy},
    author = {Tsatsaronis, George},
    number = {4},
    pages = {249–253},
    volume = {32},
    url = {http://www.sciencedirect.com/science/article/pii/S0360544206001824}
}

@article{Mora2013DefossilisationIndicator,
    title = {{Defossilisation assessment of biodiesel life cycle production using the ExROI indicator}},
    year = {2013},
    journal = {International Journal of Thermodynamics},
    author = {Mora, Emilio Font de and Torres, César and Valero, Antonio and Zambrana, David},
    number = {2},
    pages = {81--86},
    volume = {16},
    url = {http://ijoticat.com/article/view/1034000452 http://ijoticat.com/article/download/1034000452/1034000446},
    doi = {10.5541/ijot.1034000452},
    issn = {2146-1511},
    language = {en}
}

@article{Szargut2002DepletionCost,
    title = {{Depletion of the non-renewable natural exergy resources as a measure of the ecological cost}},
    year = {2002},
    journal = {Energy Conversion and Management},
    author = {Szargut, Jan and Zi{\c{e}}bik, Andrzej and Stanek, Wojciech},
    number = {9–12},
    month = {6},
    pages = {1149--1163},
    volume = {43},
    url = {http://www.sciencedirect.com/science/article/pii/S0196890402000055},
    doi = {10.1016/S0196-8904(02)00005-5},
    issn = {0196-8904}
}

@inproceedings{Schwarcz1997DiagnositicMethodology,
    title = {{Diagnositic Analysis of a PFBC Power Plant Using a Thermoeconomic Methodology}},
    year = {1997},
    author = {Schwarcz, P. and Lozano, M. A. and vonSpakovsky, M. R. and Valero, A.},
    month = {7},
    pages = {240--249},
    address = {Beijing}
}

@book{UmbertoECOS2012,
    title = {{ECOS 2012 The 25th International Conference on Efficiency, Cost, Optimization and Simulation of Energy Conversion Systems and Processes (Perugia, June 26th-June 29th, 2012)}},
    author = {Umberto, a cura di Desideri and Giampaolo, Manfrida and Enrico, Sciubba},
    pages = {3218},
    publisher = {Firenze University Press},
    url = {http://books.google.es/books?id=gumvHDQmJD0C},
    isbn = {9788866553229},
    language = {en}
}

@article{Baker-Jarvis1998ElectricalSolution,
    title = {{Electrical properties and dielectric relaxation of DNA in solution}},
    year = {1998},
    journal = {NIST Tech. Note 1509},
    author = {Baker-Jarvis, James and Jones, Chris A. and Riddle, Bill}
}

@article{Baral2010EmergyEthanol,
    title = {{Emergy analysis using US economic input–output models with applications to life cycles of gasoline and corn ethanol}},
    year = {2010},
    journal = {Ecological Modelling},
    author = {Baral, Anil and Bakshi, Bhavik R.},
    number = {15},
    month = {7},
    pages = {1807--1818},
    volume = {221},
    url = {http://www.sciencedirect.com/science/article/pii/S0304380010002127},
    doi = {10.1016/j.ecolmodel.2010.04.010},
    issn = {0304-3800}
}

@article{Lazzaretto2004EnergyDesign,
    title = {{Energy, economy and environment as objectives in multi-criterion optimization of thermal systems design}},
    year = {2004},
    journal = {Energy},
    author = {Lazzaretto, A. and Toffolo, A.},
    pages = {1139--1157},
    volume = {29},
    isbn = {03605442 (ISSN)},
    doi = {10.1016/j.energy.2004.02.022},
    issn = {03605442}
}

@article{vonSpakovsky1993EngineeringI,
    title = {{Engineering Functional Analysis---Part I}},
    year = {1993},
    journal = {Journal of Energy Resources Technology},
    author = {von Spakovsky, M. R. and Evans, R. B.},
    number = {2},
    month = {6},
    pages = {86--92},
    volume = {115},
    url = {http://link.aip.org/link/?JRG/115/86/1},
    doi = {10.1115/1.2905985}
}

@article{Evans1993EngineeringII,
    title = {{Engineering Functional Analysis---Part II}},
    year = {1993},
    journal = {Journal of Energy Resources Technology},
    author = {Evans, R. B. and von Spakovsky, M. R.},
    number = {2},
    month = {6},
    pages = {93--99},
    volume = {115},
    url = {http://link.aip.org/link/?JRG/115/93/1},
    doi = {10.1115/1.2905986}
}

@article{vonSpakovsky1993EngineeringIb,
    title = {{Engineering Functional Analysis—Part I}},
    year = {1993},
    journal = {Journal of Energy Resources Technology},
    author = {von Spakovsky, M. R. and Evans, R. B.},
    number = {2},
    month = {6},
    pages = {86--92},
    volume = {115},
    url = {http://dx.doi.org/10.1115/1.2905985},
    doi = {10.1115/1.2905985},
    issn = {0195-0738}
}

@book{Odum1996EnvironmentalMaking,
    title = {{Environmental Accounting: Emergy and Environmental Decision Making}},
    shorttitle = {Environmental Accounting},
    year = {1996},
    author = {Odum, Howard T.},
    pages = {402},
    publisher = {Wiley},
    url = {http://books.google.es/books?id=j1PHFoVb7rYC},
    isbn = {9780471114420},
    language = {en}
}

@article{Martinez2010EnvironmentalHydronomics,
    title = {{Environmental costs of a river watershed within the European water framework directive: Results from Physical Hydronomics}},
    shorttitle = {Environmental costs of a river watershed within th},
    year = {2010},
    journal = {Energy},
    author = {Mart{\'{i}}nez, A. and Uche, J. and Valero, A. and Valero-Delgado, Al},
    number = {2},
    pages = {1008–1016},
    volume = {35},
    url = {http://www.sciencedirect.com/science/article/pii/S0360544209002412}
}

@article{Valero2008EvolutionUS,
    title = {{Evolution of the decrease in mineral exergy throughout the 20th century. The case of copper in the US}},
    year = {2008},
    journal = {Energy},
    author = {Valero, Alicia and Valero, Antonio and Arauzo, Inmaculada},
    number = {2},
    month = {2},
    pages = {107--115},
    volume = {33},
    url = {http://www.sciencedirect.com/science?_ob=ArticleURL&_udi=B6V2S-4RM8DW7-2&_user=10&_coverDate=02%2F29%2F2008&_alid=897260841&_rdoc=3&_fmt=high&_orig=search&_cdi=5710&_sort=d&_docanchor=&view=c&_ct=21&_acct=C000050221&_version=1&_urlVersion=0&_userid=10&md5},
    doi = {10.1016/j.energy.2007.11.007}
}

@article{Valero2010Exergoecology:Chains,
    title = {{Exergoecology: A thermodynamic approach for accounting the Earth's mineral capital. The case of bauxite–aluminium and limestone–lime chains}},
    shorttitle = {Exergoecology},
    year = {2010},
    journal = {Energy},
    author = {Valero, Antonio and Valero, Alicia},
    number = {1},
    pages = {229–238},
    volume = {35},
    url = {http://www.sciencedirect.com/science/article/pii/S0360544209003995}
}

@article{Tsatsaronis1994ExergoeconomicProblem,
    title = {{Exergoeconomic evaluation and optimization of energy systems—application to the CGAM problem}},
    year = {1994},
    journal = {Energy},
    author = {Tsatsaronis, George and Pisa, Javier},
    number = {3},
    pages = {287–321},
    volume = {19},
    url = {http://www.sciencedirect.com/science/article/pii/0360544294901139}
}

@article{Tsatsaronis1996Exergoeconomics:Name,
    title = {{Exergoeconomics: Is it only a new name?}},
    year = {1996},
    journal = {Chemical Engineering {\&} Technology},
    author = {Tsatsaronis, George},
    number = {2},
    month = {4},
    pages = {163--169},
    volume = {19},
    url = {http://doi.wiley.com/10.1002/ceat.270190210},
    doi = {10.1002/ceat.270190210},
    issn = {0930-7516}
}

@article{Meyer2009ExergoenvironmentalSystems,
    title = {{Exergoenvironmental analysis for evaluation of the environmental impact of energy conversion systems}},
    year = {2009},
    journal = {Energy},
    author = {Meyer, Lutz and Tsatsaronis, George and Buchgeister, Jens and Schebek, Liselotte},
    number = {1},
    month = {1},
    pages = {75--89},
    volume = {34},
    url = {http://www.sciencedirect.com/science/article/pii/S0360544208001837},
    doi = {10.1016/j.energy.2008.07.018},
    issn = {0360-5442}
}

@article{Tsatsaronics1993ExergyExergoeconomics,
    title = {{Exergy costing in exergoeconomics}},
    year = {1993},
    journal = {Journal of Energy Resources Technology;(United States)},
    author = {Tsatsaronics, G. and Lin, Lan and Pisa, J.},
    number = {1},
    volume = {115},
    url = {http://www.osti.gov/energycitations/product.biblio.jsp?osti_id=6526156}
}

@article{Delgado2008ExergyEarth,
    title = {{Exergy evolution of the mineral capital on earth}},
    year = {2008},
    journal = {Mechanical Engineering Ph. D. thesis, University of Zaragoza, Spain},
    author = {Delgado, Alicia Valero},
    url = {http://teide.cps.unizar.es:8080/pub/publicir.nsf/codigospub/0530/$FILE/cp0530eng.pdf}
}

@book{Dincer2012EXERGY:Development,
    title = {{EXERGY: Energy, Environment and Sustainable Development}},
    shorttitle = {EXERGY},
    year = {2012},
    author = {Dincer, Ibrahim and Rosen, Marc A.},
    month = {12},
    pages = {572},
    publisher = {Newnes},
    url = {http://books.google.es/books?id=FrUolHxhGVYC},
    isbn = {9780080970905},
    language = {en}
}

@article{Sciubba2003ExtendedRecycling,
    title = {{Extended exergy accounting applied to energy recovery from waste: The concept of total recycling}},
    year = {2003},
    journal = {Strategies of Waste Energy Usage: Belin-Brandenburg Academy of Sciences Conference Dec 1999},
    author = {Sciubba, Enrico},
    number = {13},
    month = {11},
    pages = {1315--1334},
    volume = {28},
    url = {http://www.sciencedirect.com/science/article/pii/S0360544203001117},
    doi = {10.1016/S0360-5442(03)00111-7},
    issn = {0360-5442}
}

@book{Weizsacker1998FactorRome,
    title = {{Factor four: doubling wealth - halving resource use : the new report to the Club of Rome}},
    shorttitle = {Factor four},
    year = {1998},
    author = {Weizs{\"{a}}cker, Ernst U. von and Lovins, Amory B. and Lovins, L. Hunter},
    month = {7},
    pages = {364},
    publisher = {Earthscan},
    url = {http://books.google.es/books?id=HeMRBn-N7lEC},
    isbn = {9781853834066}
}

@book{Weizsacker1998FactorRomeb,
    title = {{Factor Four: Doubling Wealth, Halving Resource Use - A Report to the Club of Rome}},
    shorttitle = {Factor Four},
    year = {1998},
    author = {Weizsacker, Ernst U.von and {etc}},
    month = {7},
    publisher = {Earthscan Ltd},
    url = {http://www.amazon.com/dp/1853834068},
    isbn = {1853834068}
}

@book{Moran2004FundamentalsThermodynamics,
    title = {{Fundamentals of engineering thermodynamics}},
    year = {2004},
    author = {Moran, Michael J. and Shapiro, Howard N.},
    pages = {904},
    publisher = {Wiley},
    url = {http://books.google.ca/books?id=cN4eAQAAIAAJ},
    isbn = {9780471274711},
    language = {en}
}

@article{Valero2006FundamentalsApplications,
    title = {{Fundamentals of Exergy Cost Accounting and Thermoeconomics. Part II: Applications}},
    shorttitle = {Fundamentals of Exergy Cost Accounting and Thermoe},
    year = {2006},
    journal = {Journal of Energy Resources Technology},
    author = {Valero, A. and Serra, L. and Uche, J.},
    number = {1},
    month = {3},
    pages = {9--15},
    volume = {128},
    url = {http://link.aip.org/link/?JRG/128/9/1},
    doi = {10.1115/1.2134731}
}

@article{Torres2007GuidelinesModel,
    title = {{Guidelines to Develop Software for Thermoeconomic Analysis of Energy Systems. Part I: The Thermoeconomic Model}},
    shorttitle = {Guidelines to Develop Software for Thermoeconomic },
    year = {2007},
    author = {Torres, César and Valero, Antonio and Perez, Erika},
    url = {http://teide.cps.unizar.es:8080/pub/publicir.nsf/codigospub/0440/$FILE/cp0440.pdf}
}

@article{Ukidwe2007IndustrialModel,
    title = {{Industrial and ecological cumulative exergy consumption of the United States via the 1997 input–output benchmark model}},
    year = {2007},
    journal = {Energy},
    author = {Ukidwe, Nandan U. and Bakshi, Bhavik R.},
    number = {9},
    month = {9},
    pages = {1560--1592},
    volume = {32},
    url = {http://www.sciencedirect.com/science/article/pii/S0360544206003252 http://pdn.sciencedirect.com.roble.unizar.es:9090/science?_ob=MiamiImageURL&_cid=271090&_user=987788&_pii=S0360544206003252&_check=y&_origin=article&_zone=toolbar&_coverDate=30-Sep-2007&vi},
    doi = {10.1016/j.energy.2006.11.005},
    issn = {0360-5442}
}

@article{Piacentino2013InnovativeResults,
    title = {{Innovative thermoeconomic diagnosis of multiple faults in air conditioning units: Methodological improvements and increased reliability of results}},
    year = {2013},
    journal = {International Journal of Refrigeration},
    author = {Piacentino, Antonio and Talamo, Miriam},
    number = {8},
    month = {12},
    pages = {2343--2365},
    volume = {36},
    url = {http://www.sciencedirect.com/science/article/pii/S0140700713001813},
    doi = {10.1016/j.ijrefrig.2013.07.016},
    issn = {01407007},
    keywords = {Air-conditioning units, Conditionneurs d'air, Detection, Diagnostic thermo{\'{e}}conomique, D{\'{e}}tection, Failure, Panne, Thermoeconomic diagnosis}
}

@book{Miller2009Input-OutputExtensions,
    title = {{Input-Output Analysis: Foundations and Extensions}},
    shorttitle = {Input-Output Analysis},
    year = {2009},
    author = {Miller, Ronald E. and Blair, Peter D.},
    month = {7},
    pages = {783},
    publisher = {Cambridge University Press},
    url = {http://books.google.es/books?id=SmFUl-6X1FUC},
    isbn = {9780521517133},
    language = {en}
}

@article{ZabalzaBribian2011LifePotential,
    title = {{Life cycle assessment of building materials: Comparative analysis of energy and environmental impacts and evaluation of the eco-efficiency improvement potential}},
    shorttitle = {Life cycle assessment of building materials},
    year = {2011},
    journal = {Building and Environment},
    author = {Zabalza Bribi{\'{a}}n, Ignacio and Valero Capilla, Antonio and Aranda Us{\'{o}}n, Alfonso},
    number = {5},
    month = {5},
    pages = {1133--1140},
    volume = {46},
    url = {http://www.sciencedirect.com/science/article/pii/S0360132310003549},
    doi = {10.1016/j.buildenv.2010.12.002},
    issn = {0360-1323}
}

@article{Suh2005MethodsProduct,
    title = {{Methods for Life Cycle Inventory of a product}},
    year = {2005},
    journal = {Journal of Cleaner Production},
    author = {Suh, Sangwon and Huppes, Gjalt},
    number = {7},
    month = {6},
    pages = {687--697},
    volume = {13},
    url = {http://www.sciencedirect.com/science/article/pii/S0959652604000289},
    doi = {10.1016/j.jclepro.2003.04.001},
    issn = {09596526},
    keywords = {Hybrid analysis, Input–output based LCI, Life Cycle Inventory (LCI), Matrix representation of product system, Process flow diagram}
}

@book{Berman1979NonnegativeSciences,
    title = {{Nonnegative matrices in the mathematical sciences}},
    year = {1979},
    author = {Berman, Abraham. and Plemmons, Robert J.},
    pages = {316},
    publisher = {Academic Press},
    url = {https://www.sciencedirect.com/science/book/9780120922505},
    isbn = {9780120922505}
}

@article{daSilva2017OnSystems,
    title = {{On the thermoeconomic and LCA methods for waste and fuel allocation in multiproduct systems}},
    year = {2017},
    journal = {Energy},
    author = {da Silva, Julio Augusto Mendes and Santos, Josï¿½ Joaquim Conceiï¿½ï¿½o Soares and Carvalho, Monica and de Oliveira, Silvio},
    month = {5},
    pages = {775--785},
    volume = {127},
    publisher = {Pergamon},
    url = {https://www.sciencedirect.com/science/article/pii/S0360544217305406?via%3Dihub},
    doi = {10.1016/j.energy.2017.03.147},
    issn = {03605442},
    keywords = {Life Cycle Assessment, Resources allocation, Thermoeconomics, Waste allocation}
}

@article{VALERO2004OnProblem,
    title = {{On the thermoeconomic approach to the diagnosis of energy system malfunctionsPart 1: the TADEUS problem}},
    year = {2004},
    journal = {Energy},
    author = {VALERO, A},
    number = {12-15},
    month = {12},
    pages = {1875--1887},
    volume = {29},
    url = {http://www.sciencedirect.com/science/article/pii/S036054420400235X},
    doi = {10.1016/j.energy.2004.04.053},
    issn = {03605442}
}

@article{ValeroPhysicalCatalonia,
    title = {{Physical Hydronomics: Application of the exergy analysis to the assessment of environmental costs of water bodies. The case of the inland basins of Catalonia}},
    shorttitle = {Physical Hydronomics},
    journal = {Energy},
    author = {Valero, Antonio and Uche, Javier and Valero, Alicia and Mart{\&}{\#}xed;nez, Amaya},
    url = {http://www.sciencedirect.com/science?_ob=ArticleURL&_udi=B6V2S-4TT710N-1&_user=10&_coverDate=10%2F30%2F2008&_alid=897260841&_rdoc=1&_fmt=high&_orig=search&_cdi=5710&_sort=d&_docanchor=&view=c&_ct=21&_acct=C000050221&_version=1&_urlVersion=0&_userid=10&md5},
    doi = {10.1016/j.energy.2008.08.020}
}

@article{Hau2004PromiseAnalysis,
    title = {{Promise and problems of emergy analysis}},
    shorttitle = {Through the MACROSCOPE: the legacy of H.T. Odum},
    year = {2004},
    journal = {Ecological Modelling},
    author = {Hau, Jorge L and Bakshi, Bhavik R},
    number = {1–2},
    month = {10},
    pages = {215--225},
    volume = {178},
    url = {http://www.sciencedirect.com/science/article/pii/S0304380003005283},
    doi = {10.1016/j.ecolmodel.2003.12.016},
    issn = {0304-3800}
}

@article{Heijungs2006ReformulationBalance,
    title = {{Reformulation of matrix-based LCI: from product balance to process balance}},
    year = {2006},
    journal = {Journal of Cleaner Production},
    author = {Heijungs, Reinout and Suh, Sangwon},
    number = {1},
    month = {1},
    pages = {47--51},
    volume = {14},
    url = {http://www.sciencedirect.com/science/article/pii/S095965260500137X},
    doi = {10.1016/j.jclepro.2005.05.022},
    issn = {09596526},
    keywords = {Internally recurring unit process, Life cycle inventory analysis, Matrix computation, Simultaneous equation}
}

@article{Lazzaretto2006SPECO:Systems.,
    title = {{SPECO: A systematic and general methodology for calculating effciencies and cost in thermal systems.}},
    year = {2006},
    journal = {Energy},
    author = {Lazzaretto, A. and Tsatsaronis, G.},
    number = {8-9},
    pages = {1257--1289},
    volume = {31}
}

@article{Rivero2006StandardUpdated,
    title = {{Standard chemical exergy of elements updated}},
    shorttitle = {ECOS 2004 - 17th International Conference on Effic},
    year = {2006},
    journal = {Energy},
    author = {Rivero, R. and Garfias, M.},
    number = {15},
    month = {12},
    pages = {3310--3326},
    volume = {31},
    url = {http://www.sciencedirect.com/science/article/pii/S0360544206000569},
    doi = {10.1016/j.energy.2006.03.020},
    issn = {0360-5442}
}

@book{Georgescu-Roegen1971TheProcess,
    title = {{The Entropy Law and the Economic Process}},
    year = {1971},
    author = {Georgescu-Roegen, N.},
    publisher = {Harvard University Press},
    address = {MA. USA}
}

@inproceedings{Agudelo2011TheSystems,
    title = {{The Fossil Trace of CO2 Emissions in Energy Systems}},
    year = {2011},
    author = {Agudelo, Andrés and Valero, Antonio and Us{\'{o}}n, Sergio},
    pages = {4–7},
    volume = {2011},
    url = {http://teide.cps.unizar.es:8080/pub/publicir.nsf/codigospub/0732/$FILE/cp0732.pdf}
}

@misc{TheTop.,
    title = {{The Loch Ness Mouse - High reputation. Life on the top.}},
    url = {http://www.thelochnessmouse.com/}
}

@article{Gaudreau2009TheImpact,
    title = {{The tenuous use of exergy as a measure of resource value or waste impact}},
    year = {2009},
    journal = {Sustainability},
    author = {Gaudreau, Kyrke and Fraser, Roydon A. and Murphy, Stephen},
    number = {4},
    pages = {1444–1463},
    volume = {1},
    url = {http://www.mdpi.com/2071-1050/1/4/1444 http://www.mdpi.com/2071-1050/1/4/1444/pdf}
}

@book{Gale1986TheModels,
    title = {{The theory of linear economic models}},
    year = {1986},
    author = {Gale, David},
    pages = {352},
    publisher = {University Of Chicago Press}
}

@book{El-Sayed2003TheConversions,
    title = {{The Thermoeconomics of Energy Conversions}},
    year = {2003},
    author = {El-Sayed, Yehia M.},
    month = {12},
    publisher = {Pergamon},
    url = {http://www.amazon.com/dp/0080442706},
    isbn = {0080442706}
}

@book{Bejan1995ThermalOptimization,
    title = {{Thermal Design and Optimization}},
    year = {1995},
    author = {Bejan, Adrian and Tsatsaronis, George and Moran, Michael},
    edition = {1},
    month = {11},
    publisher = {Wiley-Interscience},
    url = {http://www.amazon.com/dp/0471584673},
    isbn = {0471584673}
}

@article{El-Emam2014ThermodynamicRecovery,
    title = {{Thermodynamic and thermoeconomic analyses of seawater reverse osmosis desalination plant with energy recovery}},
    year = {2014},
    journal = {Energy},
    author = {El-Emam, Rami Salah and Dincer, Ibrahim},
    volume = {64},
    isbn = {0360-5442},
    doi = {10.1016/j.energy.2013.11.037},
    issn = {03605442}
}

@article{Rokni2014ThermodynamicEngine,
    title = {{Thermodynamic and thermoeconomic analysis of a system with biomass gasification, solid oxide fuel cell (SOFC) and Stirling engine}},
    year = {2014},
    journal = {Energy},
    author = {Rokni, Masoud},
    volume = {76},
    isbn = {0360-5442},
    doi = {10.1016/j.energy.2014.01.106},
    issn = {03605442}
}

@book{Keenan1941Thermodynamics,
    title = {{Thermodynamics}},
    year = {1941},
    author = {Keenan, J. H.},
    publisher = {Jhon Wiley and Sons, New York}
}

@book{Keenan1941Thermodynamicsb,
    title = {{Thermodynamics}},
    year = {1941},
    author = {Keenan, J. H.},
    publisher = {Jhon Wiley and Sons, New York}
}

@book{Keenan1941Thermodynamicsc,
    title = {{Thermodynamics}},
    year = {1941},
    author = {Keenan, J. H.},
    publisher = {Jhon Wiley and Sons, New York}
}

@book{Keenan1941Thermodynamicsd,
    title = {{Thermodynamics}},
    year = {1941},
    author = {Keenan, J. H.},
    publisher = {Jhon Wiley and Sons, New York}
}

@article{Uson2015ThermoecologicalFuels,
    title = {{Thermoecological cost of electricity, heat and cold generated in a trigeneration module fuelled with selected fossil and renewable fuels}},
    year = {2015},
    journal = {Energy},
    author = {Us{\'{o}}n, Sergio and Kostowski, Wojciech J. and Stanek, Wojciech and Gazda, Wiesław},
    pages = {308--319},
    volume = {92},
    isbn = {0360-5442},
    doi = {10.1016/j.energy.2015.05.020},
    issn = {03605442},
    keywords = {CMM (coal mine methane), Natural gas, Syngas, Thermoecological cost, Thermoeconomics, Trigeneration}
}

@article{DAccadia1998ThermoeconomicPlant,
    title = {{Thermoeconomic analysis and diagnosis of a refrigeration plant}},
    year = {1998},
    journal = {Energy Conversion and Management},
    author = {D'Accadia, M.D. and De Rossi, F.},
    number = {12},
    pages = {1223–1232},
    volume = {39},
    url = {http://www.sciencedirect.com/science?_ob=GatewayURL&_origin=ScienceSearch&_method=citationSearch&_piikey=S0196890498000168&_version=1&_returnURL=&md5=6e339bc368921fbadb6c0c906a82c4ab}
}

@article{Luz-Silveira2002ThermoeconomicCampus,
    title = {{Thermoeconomic analysis of a cogeneration system of a university campus}},
    year = {2002},
    journal = {Applied Thermal Engineering},
    author = {Luz-Silveira, J. and Beyene, A. and Leal, E. M. and Santana, J. A. and Okada, D.},
    pages = {1471--1483},
    volume = {22},
    isbn = {1359-4311},
    doi = {10.1016/S1359-4311(02)00064-9},
    issn = {13594311},
    keywords = {Cogeneration, Energy-economic analysis, Exergetic manufacturing cost, Gas turbine}
}

@article{deBosio2015ThermoeconomicMarket,
    title = {{Thermoeconomic analysis of a Compressed Air Energy Storage (CAES) system integrated with a wind power plant in the framework of the IPEX Market}},
    year = {2015},
    journal = {Applied Energy},
    author = {de Bosio, Federico and Verda, Vittorio},
    volume = {152},
    doi = {10.1016/j.apenergy.2015.01.052},
    issn = {03062619}
}

@article{xc1lvarez2006ThermoeconomicData,
    title = {{Thermoeconomic analysis of a fuel cell hybrid power system from the fuel cell experimental data}},
    year = {2006},
    journal = {Energy},
    author = {{\&}{\#}xc1;lvarez, Tom&#xe1;s and Valero, Antonio and Montes, Jos&#xe9; M.},
    number = {10-11},
    month = {8},
    pages = {1358--1370},
    volume = {31},
    url = {http://www.sciencedirect.com/science?_ob=ArticleURL&_udi=B6V2S-4GTW8P6-1&_user=10&_coverDate=08%2F31%2F2006&_alid=897260841&_rdoc=5&_fmt=high&_orig=search&_cdi=5710&_sort=d&_docanchor=&view=c&_ct=21&_acct=C000050221&_version=1&_urlVersion=0&_userid=10&md5},
    doi = {10.1016/j.energy.2005.05.030}
}

@misc{Gandiglio2013ThermoeconomicPerformance,
    title = {{Thermoeconomic analysis of large solid oxide fuel cell plants: Atmospheric vs. pressurized performance}},
    year = {2013},
    booktitle = {Energy},
    author = {Gandiglio, M. and Lanzini, A. and Leone, P. and Santarelli, M. and Borchiellini, R.},
    volume = {55},
    isbn = {0360-5442},
    doi = {10.1016/j.energy.2013.03.059},
    issn = {03605442}
}
@article{Traverso2002,
    title = {{Thermoeconomic analysis of mixed gas-steam cycles}},
    year = {2002},
    journal = {Applied Thermal Engineering},
    author = {Traverso, A and Massardo, A F},
    number = {1},
    pages = {1--21},
    volume = {22},
    url = {http://www.scopus.com/scopus/inward/record.url?eid=2-s2.0-0035981277&partnerID=40&rel=R6.5.0}
}

@article{Rosen2003,
    title = {{Thermoeconomic analysis of power plants: an application to a coal fired electrical generating station}},
    year = {2003},
    journal = {Energy Conversion and Management},
    author = {Rosen, M A and Dincer, I},
    number = {17},
    pages = {2743--2761},
    volume = {44},
    url = {http://www.sciencedirect.com/science?_ob=GatewayURL&_origin=ScienceSearch&_method=citationSearch&_piikey=S0196890403000475&_version=1&_returnURL=&md5=3d6cdacec76bbfe9643620358f1b844a}
}

@article{Rosen2003b,
    title = {{Thermoeconomic analysis of power plants: An application to a coal fired electrical generating station}},
    year = {2003},
    journal = {Energy Conversion and Management},
    author = {Rosen, Marc A. and Dincer, Ibrahim},
    pages = {2743--2761},
    volume = {44},
    isbn = {9663860294},
    doi = {10.1016/S0196-8904(03)00047-5},
    issn = {01968904},
    keywords = {Coal fired electrical generation station, Energy, Exergy, Power plant, Thermoeconomics}
}

@article{Royo1996,
    title = {{Thermoeconomic analysis of steam turbines: An approach to marginal cost allocation}},
    year = {1996},
    journal = {American Society of Mechanical Engineers, Advanced Energy Systems Division (Publication) AES},
    author = {Royo, J and Zaleta, A and Valero, A},
    pages = {437--444},
    volume = {36},
    url = {http://www.scopus.com/scopus/inward/record.url?eid=2-s2.0-0030418802&partnerID=40&rel=R6.5.0}
}

@article{Luz-Silveira1996,
    title = {{Thermoeconomic analysis: A criterion for the selection of cogeneration systems}},
    year = {1996},
    journal = {American Society of Mechanical Engineers, Advanced Energy Systems Division (Publication) AES},
    author = {Luz-Silveira, J and Balestieri, J A P and Santos, A H M and Almeida, R A},
    pages = {235--240},
    volume = {36},
    url = {http://www.scopus.com/scopus/inward/record.url?eid=2-s2.0-0030386597&partnerID=40&rel=R6.5.0}
}

@incollection{Thermoeconomic03,
    title = {{Thermoeconomic Analysis: Fundamentals}},
    year = {2003},
    author = {Serra, L and Valero, A and Torres, C and Uche, J},
    editor = {Husain, A},
    chapter = {8},
    pages = {429--459},
    publisher = {EOLSS Publisher Co. Ltd.}
}

@inproceedings{Favrat2002,
    title = {{Thermoeconomic and environomic modeling and optimization of energy systems}},
    year = {2002},
    booktitle = {Proceedings of the IEEE Power Engineering Society Transmission and Distribution Conference},
    author = {Favrat, D},
    number = {SUMMER},
    pages = {1175--},
    volume = {3},
    url = {http://www.scopus.com/scopus/inward/record.url?eid=2-s2.0-0038338570&partnerID=40&rel=R6.5.0}
}

@article{Antar2001,
    title = {{Thermoeconomic considerations in the optimum allocation of heat exchanger inventory for a power plant}},
    year = {2001},
    journal = {Energy Conversion and Management},
    author = {Antar, M A and Zubair, S M},
    number = {10},
    pages = {1169--1179},
    volume = {42},
    url = {http://www.scopus.com/scopus/inward/record.url?eid=2-s2.0-0035401013&partnerID=40&rel=R6.5.0}
}

@article{Antar2002,
    title = {{Thermoeconomic considerations in the optimum allocation of heat transfer inventory for refrigeration and heat pump systems}},
    year = {2002},
    journal = {Journal of Energy Resources Technology, Transactions of the ASME},
    author = {Antar, M A and Zubair, S M},
    number = {1},
    pages = {28--33},
    volume = {124},
    url = {http://www.scopus.com/scopus/inward/record.url?eid=2-s2.0-0036235745&partnerID=40&rel=R6.5.0}
}

@inproceedings{Rubio-Maya2010,
    title = {{Thermoeconomic Costs Analysis with Multi-period Operation of a Polygeneration Plant}},
    year = {2010},
    booktitle = {Proceedings of the 23rd International Conference on Efficiency, Cost, Optimization, Simulation, and Environmental Impact of Energy Systems, ECOS 2010},
    author = {Rubio Maya, Carlos and Uche Marcuello, Javier and Torres Cuadra, César and Pacheco Ibarra, J.},
    pages = {389--396},
    volume = {3},
    publisher = {Aabo Akademi University},
    url = {http://www.scopus.com/inward/record.url?eid=2-s2.0-84896130740&partnerID=tZOtx3y1},
    isbn = {9781456303143},
    keywords = {Energy, Exergy cost theory, Polygeneration, Thermoeconomics, Water}
}

@inproceedings{Betancourth2006,
    title = {{Thermoeconomic costs of production analysis of a diesel cycle- based cogeneration power plant}},
    year = {2006},
    booktitle = {American Society of Mechanical Engineers, Advanced Energy Systems Division (Publication) AES},
    author = {Betancourth, J A and Rangel, V H and Pacheco, J J and Herna?ndez, A and Rubio, J C},
    pages = {--},
    url = {http://www.scopus.com/scopus/inward/record.url?eid=2-s2.0-34249800681&partnerID=40&rel=R6.5.0}
}

@article{Zhang2007,
    title = {{Thermoeconomic diagnosis of a coal fired power plant}},
    year = {2007},
    journal = {Energy Conversion and Management},
    author = {Zhang, C and Chen, S and Zheng, C and Lou, X},
    number = {2},
    pages = {405--419},
    volume = {48},
    url = {http://www.scopus.com/scopus/inward/record.url?eid=2-s2.0-33845875981&partnerID=40&rel=R6.5.0}
}

@inproceedings{Rangel2005,
    title = {{Thermoeconomic diagnosis of a pulverized coal-fired steam generator}},
    year = {2005},
    booktitle = {American Society of Mechanical Engineers, Advanced Energy Systems Division (Publication) AES},
    author = {Rangel Hernandez, V H and Zaleta Aguilar, A and Valero, A and Torres Cuadra, C},
    pages = {491--500},
    volume = {45},
    url = {http://www.scopus.com/scopus/inward/record.url?eid=2-s2.0-33645025012&partnerID=40&rel=R6.5.0}
}

@phdthesis{Verda2001,
    title = {{Thermoeconomic Diagnosis of an Urban District Heating System Based on Cogenerative Steam and Gas Turbines}},
    year = {2001},
    author = {Verda, V},
    school = {University of Zaragoza and Politecnico di Torino}
}

@inproceedings{Lozano1994,
    title = {{Thermoeconomic Diagnosis of Energy Systems}},
    year = {1994},
    booktitle = {Flowers 94: Florence World Energy Research Symposium},
    author = {Lozano, M A and Bartolome, J L and Valero, A and Reini, M},
    address = {Florence. Italy}
}

@phdthesis{Rangel05,
    title = {{Thermoeconomic Diagnosis of Large Industrial Boilers: Microscopic Representation of the Exergy Cost Theory}},
    year = {2005},
    author = {Rangel, V H},
    school = {University of Zaragoza}
}

@phdthesis{Correas2001,
    title = {{Thermoeconomic Diagnosis of the Operation of Combined Cycles}},
    year = {2001},
    author = {Correas, L C},
    school = {University of Zaragoza}
}

@article{Verda2005,
    title = {{Thermoeconomic diagnosis: Zooming strategy applied to highly complex energy systems. Part 2: On the choice of the productive structure}},
    year = {2005},
    journal = {Journal of Energy Resources Technology, Transactions of the ASME},
    author = {Verda, V and Serra, L and Valero, A},
    number = {1},
    pages = {42--49},
    volume = {127},
    url = {http://www.scopus.com/scopus/inward/record.url?eid=2-s2.0-18744388599&partnerID=40&rel=R6.5.0 http://www.scopus.com/scopus/inward/record.url?eid=2-s2.0-18744398762&partnerID=40&rel=R6.5.0 http://www.scopus.com/scopus/inward/record.url?eid=2-s2.0-034615135}
}

@article{Misra2005,
    title = {{Thermoeconomic evaluation and optimization of a double-effect H 2O/LiBr vapour-absorption refrigeration system}},
    year = {2005},
    journal = {International Journal of Refrigeration},
    author = {Misra, R D and Sahoo, P K and Gupta, A},
    number = {3},
    pages = {331--343},
    volume = {28},
    url = {http://www.scopus.com/scopus/inward/record.url?eid=2-s2.0-13844281367&partnerID=40&rel=R6.5.0}
}

@article{Misra2006,
    title = {{Thermoeconomic evaluation and optimization of an aqua-ammonia vapour-absorption refrigeration system}},
    year = {2006},
    journal = {International Journal of Refrigeration},
    author = {Misra, R D and Sahoo, P K and Gupta, A},
    number = {1},
    pages = {47--59},
    volume = {29},
    url = {http://www.scopus.com/scopus/inward/record.url?eid=2-s2.0-28844483487&partnerID=40&rel=R6.5.0}
}

@article{Guarinello2000,
    title = {{Thermoeconomic evaluation of a gas turbine cogeneration system}},
    year = {2000},
    journal = {Energy Conversion and Management},
    author = {Guarinello Jr., F and Cerqueira, S.A.A.G. and Nebra, S A},
    number = {11},
    pages = {1191--1200},
    volume = {41},
    url = {http://www.scopus.com/scopus/inward/record.url?eid=2-s2.0-0033891635&partnerID=40&rel=R6.5.0}
}

@article{De2001,
    title = {{Thermoeconomic evaluation of cogeneration systems for a chemical plant}},
    year = {2001},
    journal = {International Journal of Applied Thermodynamics},
    author = {De Sousa Teixeira, M and De Oliveira Ju?nior, S},
    number = {3},
    pages = {157--163},
    volume = {4},
    url = {http://www.scopus.com/scopus/inward/record.url?eid=2-s2.0-0035456761&partnerID=40&rel=R6.5.0}
}

@article{Corti1999,
    title = {{Thermoeconomic evaluation of the SCGT cycle}},
    year = {1999},
    journal = {Energy Conversion and Management},
    author = {Corti, A and Fiaschi, D and Manfrida, G},
    number = {18},
    pages = {1917--1929},
    volume = {40},
    url = {http://www.scopus.com/scopus/inward/record.url?eid=2-s2.0-0032646120&partnerID=40&rel=R6.5.0}
}

@incollection{TFA04,
    title = {{Thermoeconomic Functional Analysis}},
    year = {2004},
    booktitle = {Exergy, Energy System Analysis and Optimization, from Encyclopedia of Life Support System (EOLSS). Developed under the Auspices of the UNESCO.},
    author = {Frangopoulos, C A},
    editor = {Frangopoulos, C A},
    publisher = {Eolss Publishers, Oxford, U.K.},
    url = {http://www.eolss.net}
}

@article{Frangopoulos1987a,
    title = {{Thermoeconomic Functional Analysis and Optimization}},
    year = {1987},
    journal = {Energy},
    author = {Frangopoulos, C A},
    number = {7},
    pages = {563--571},
    volume = {12},
    url = {http://www.sciencedirect.com/science?_ob=GatewayURL&_origin=ScienceSearch&_method=citationSearch&_piikey=0360544287900971&_version=1&_returnURL=&md5=b5fd69628009187bdcd6273f188e6ff7}
}

@inproceedings{Luz1992,
    title = {{Thermoeconomic functional analysis applied in cogeneration systems associated to cellulose plants}},
    year = {1992},
    booktitle = {ECOS '92 International Symposium},
    author = {Luz Silveira, J and Horta Nogueira, L A},
    pages = {381--386},
    url = {http://www.scopus.com/scopus/inward/record.url?eid=2-s2.0-0026984945&partnerID=40&rel=R6.5.0}
}

@phdthesis{Frangopoulos1983,
    title = {{Thermoeconomic Functional Analysis: A Method for Optimal Design or Improvement of Complex Thermal Systems}},
    year = {1983},
    author = {Frangopoulos, C A},
    school = {Georgia Institute of Technology}
}

@inproceedings{Frangopoulos1987,
    title = {{THERMOECONOMIC FUNCTIONAL OPTIMIZATION OF A COGENERATION SYSTEM.}},
    year = {1987},
    booktitle = {ASME Int Gas Turbine Inst Publ IGTI},
    author = {Frangopoulos, C A},
    pages = {323--329},
    volume = {1},
    url = {http://www.scopus.com/scopus/inward/record.url?eid=2-s2.0-0023534878&partnerID=40&rel=R6.5.0}
}

@article{Evans1980a,
    title = {{Thermoeconomic isolation and essergy analysis}},
    year = {1980},
    journal = {Energy},
    author = {Evans, Robert B},
    number = {8-9},
    pages = {804--821},
    volume = {5},
    url = {http://www.scopus.com/scopus/inward/record.url?eid=2-s2.0-0018504226&partnerID=40&rel=R6.5.0 http://www.sciencedirect.com/science?_ob=GatewayURL&_origin=ScienceSearch&_method=citationSearch&_piikey=0360544280900985&_version=1&_returnURL=&md5=895b5b5a35d7e}
}

@inproceedings{Evans1984,
    title = {{Thermoeconomic isolation and the optimization of thermal system components}},
    year = {1984},
    booktitle = {Second Law aspects of thermal design. 22nd National Heat Transfer Conference},
    author = {Frangopoulos, C A and Evans, R B},
    editor = {Bejan, A and Leid, R L},
    pages = {87--94},
    volume = {HTD-Vol 33},
    organization = {asme}
}

@article{Frangopoulos1996,
    title = {{Thermoeconomic operation optimization of the hellenic aspropyrgos refinery combined-cycle cogeneration system}},
    year = {1996},
    journal = {Applied Thermal Engineering},
    author = {Frangopoulos, C A and Lygeros, A I and Markou, C T and Kaloritis, P},
    number = {12},
    pages = {949--958},
    volume = {16},
    url = {http://www.sciencedirect.com/science?_ob=GatewayURL&_origin=ScienceSearch&_method=citationSearch&_piikey=1359431195000879&_version=1&_returnURL=&md5=53c04304aab00cde10d4d1e7f62808ce}
}

@article{Tyagi2004,
    title = {{Thermoeconomic optimization and parametric study of an irreversible Stirling heat pump cycle}},
    year = {2004},
    journal = {International Journal of Thermal Sciences},
    author = {Tyagi, S K and Chen, J and Kaushik, S C},
    number = {1},
    pages = {105--112},
    volume = {43},
    url = {http://www.scopus.com/scopus/inward/record.url?eid=2-s2.0-0346499211&partnerID=40&rel=R6.5.0}
}

@article{Attala2001,
    title = {{Thermoeconomic optimization method as design tool in gas-steam combined plant realization}},
    year = {2001},
    journal = {Energy Conversion and Management},
    author = {Attala, L and Facchini, B and Ferrara, G},
    number = {18},
    pages = {2163--2172},
    volume = {42},
    url = {http://www.scopus.com/scopus/inward/record.url?eid=2-s2.0-0035546330&partnerID=40&rel=R6.5.0}
}

@article{Uche2001a,
    title = {{Thermoeconomic Optimization of a Dual-Purpose Power and Desalination Plant}},
    year = {2001},
    journal = {Desalination},
    author = {Uche, J and Serra, L and Valero, A},
    number = {1-3},
    pages = {147--158},
    volume = {136},
    url = {http://www.scopus.com/scopus/inward/record.url?eid=2-s2.0-0035334530&partnerID=40&rel=R6.5.0}
}

@article{Wall1986,
    title = {{THERMOECONOMIC OPTIMIZATION OF A HEAT PUMP SYSTEM.}},
    year = {1986},
    journal = {Energy},
    author = {Wall, G},
    number = {10},
    pages = {957--967},
    volume = {11},
    url = {http://www.scopus.com/scopus/inward/record.url?eid=2-s2.0-0022793388&partnerID=40&rel=R6.5.0}
}

@article{Misra2005a,
    title = {{Thermoeconomic optimization of a LiBr/H2O absorption chiller using structural method}},
    year = {2005},
    journal = {Journal of Energy Resources Technology, Transactions of the ASME},
    author = {Misra, R D and Sahoo, P K and Gupta, A},
    number = {2},
    pages = {119--124},
    volume = {127},
    url = {http://www.scopus.com/scopus/inward/record.url?eid=2-s2.0-23144464896&partnerID=40&rel=R6.5.0}
}

@phdthesis{Garceau1982,
    title = {{Thermoeconomic Optimization of a Rankine Cycle Cogeneration System}},
    year = {1982},
    author = {Garceau, R M},
    school = {Georgia Institute of Technology}
}

@article{Garceau1983,
    title = {{THERMOECONOMIC OPTIMIZATION OF A RANKINE CYCLE COGENERATION SYSTEM.}},
    year = {1983},
    journal = {ACS Symposium Series},
    author = {Garceau, Robert M and Wepfer, William J},
    pages = {263--288},
    url = {http://www.scopus.com/scopus/inward/record.url?eid=2-s2.0-0020870843&partnerID=40&rel=R6.5.0}
}

@article{Sahin2002,
    title = {{Thermoeconomic optimization of a two stage combined refrigeration system: A finite-time approach}},
    year = {2002},
    journal = {International Journal of Refrigeration},
    author = {Sahin, B and Kodal, A},
    number = {7},
    pages = {872--877},
    volume = {25},
    url = {http://www.scopus.com/scopus/inward/record.url?eid=2-s2.0-0036836311&partnerID=40&rel=R6.5.0}
}

@inproceedings{Sanaye2007,
    title = {{Thermoeconomic optimization of an ice thermal storage system}},
    year = {2007},
    booktitle = {Proceedings of the ASME Turbo Expo},
    author = {Sanaye, S and Mostakhdemi, M and Toski, H B},
    pages = {785--791},
    volume = {3},
    url = {http://www.scopus.com/scopus/inward/record.url?eid=2-s2.0-34548790721&partnerID=40&rel=R6.5.0}
}

@inproceedings{Frangopoulos1989,
    title = {{Thermoeconomic optimization of design and operation of diesel-engine cogeneration systems}},
    year = {1989},
    booktitle = {American Society of Mechanical Engineers, International Gas Turbine Institute (Publication) IGTI},
    author = {Frangopoulos, C A},
    pages = {431--436},
    volume = {4},
    url = {http://www.scopus.com/scopus/inward/record.url?eid=2-s2.0-0024913656&partnerID=40&rel=R6.5.0}
}

@inproceedings{Sanaye2007b,
    title = {{Thermoeconomic optimization of gas turbine combined heat and power system in a paper mill}},
    year = {2007},
    booktitle = {Proceedings of the ASME Turbo Expo},
    author = {Sanaye, S and Ghazinejad, M},
    pages = {613--620},
    volume = {3},
    url = {http://www.scopus.com/scopus/inward/record.url?eid=2-s2.0-34548753436&partnerID=40&rel=R6.5.0}
}

@inproceedings{Sanaye2007a,
    title = {{Thermoeconomic optimization of heat recovery steam generators}},
    year = {2007},
    booktitle = {Proceedings of the ASME Turbo Expo},
    author = {Sanaye, S and Hamidkhani, O and Shabanian, M and Espanani, R and Hoshyar, A},
    pages = {803--810},
    volume = {3},
    url = {http://www.scopus.com/scopus/inward/record.url?eid=2-s2.0-34548760852&partnerID=40&rel=R6.5.0}
}

@article{Dingec1999,
    title = {{Thermoeconomic optimization of simple refrigerators}},
    year = {1999},
    journal = {International Journal of Energy Research},
    author = {Dingec?, H and Ileri, A},
    number = {11},
    pages = {949--962},
    volume = {23},
    url = {http://www.scopus.com/scopus/inward/record.url?eid=2-s2.0-0033197484&partnerID=40&rel=R6.5.0}
}

@article{Valero2004,
    title = {{Thermoeconomic Philosophy Applied to Operating Analysis and Diagnosis of Energy Utilty Systems}},
    year = {2004},
    journal = {International Journal of Thermodynamics},
    author = {Valero, A and Correas, L and Lazzaretto, A and Rangel, V and Reini, M and Taccani, R and Toffolo, A and Verda, V and Zaleta, A},
    number = {2},
    pages = {33--39},
    volume = {7},
    url = {http://www.scopus.com/scopus/inward/record.url?eid=2-s2.0-3142772914&partnerID=40&rel=R6.5.0}
}

@inproceedings{Guallar1988,
    title = {{Thermoeconomic study of a sugar factory}},
    year = {1988},
    booktitle = {American Society of Mechanical Engineers, Advanced Energy Systems Division (Publication) AES},
    author = {Guallar, J and Valero, A},
    pages = {87--94},
    volume = {4},
    url = {http://www.scopus.com/scopus/inward/record.url?eid=2-s2.0-0024129656&partnerID=40&rel=R6.5.0}
}

@inproceedings{Verda2004b,
    title = {{Thermoeconomic synthesis of district heating networks}},
    year = {2004},
    booktitle = {American Society of Mechanical Engineers, Advanced Energy Systems Division (Publication) AES},
    author = {Verda, V and Ciano, C and Cali?, M},
    pages = {243--253},
    volume = {44},
    url = {http://www.scopus.com/scopus/inward/record.url?eid=2-s2.0-19544394245&partnerID=40&rel=R6.5.0}
}

@article{Valero2013,
    title = {{Thermoeconomic tools for the analysis of eco-industrial parks}},
    year = {2013},
    journal = {Energy},
    author = {Valero, Antonio and Us{\'{o}}n, Sergio and Torres, César and Valero, Alicia and Agudelo, Andrés and Costa, Jorge},
    month = {12},
    pages = {62--72},
    volume = {62},
    url = {http://www.sciencedirect.com/science/article/pii/S0360544213006014},
    doi = {10.1016/j.energy.2013.07.014},
    issn = {03605442},
    keywords = {Exergy, Industrial symbiosis, Thermoeconomic analysis, Wastes}
}

@article{Elsayed1970a,
    title = {{Thermoeconomics and Design of Heat Systems}},
    year = {1970},
    journal = {Journal of Engineering for Power},
    author = {El-sayed, Y M and Evans, R B},
    editor = {of the ASME, Transactions},
    volume = {92}
}

@article{Uson2012,
    title = {{Thermoeconomics and Industrial Symbiosis. Effect of by-product integration in cost assessment}},
    year = {2012},
    journal = {Energy},
    author = {Us{\'{o}}n, Sergio and Valero, Antonio and Agudelo, Andrés},
    number = {1},
    month = {9},
    pages = {43--51},
    volume = {45},
    url = {http://www.scopus.com/inward/record.url?eid=2-s2.0-84865413647&partnerID=tZOtx3y1},
    doi = {10.1016/j.energy.2012.04.016},
    issn = {03605442},
    keywords = {Exergy cost, Industrial Symbiosis, Thermoeconomics, Waste}
}

@article{Uson201243,
    title = {{Thermoeconomics and Industrial Symbiosis. Effect of by-product integration in cost assessment}},
    year = {2012},
    journal = {Energy},
    author = {Us�n, Sergio and Valero, Antonio and Agudelo, Andr�s},
    number = {1},
    pages = {43--51},
    volume = {45},
    url = {http://www.sciencedirect.com/science/article/pii/S0360544212002964},
    doi = {10.1016/j.energy.2012.04.016},
    issn = {0360-5442},
    keywords = {Thermoeconomics}
}

@article{Tozer1999,
    title = {{Thermoeconomics applied to HVAC systems}},
    year = {1999},
    journal = {ASHRAE Transactions},
    author = {Tozer, Robert and Valero, Antonio and Lozano, Miguel A},
    pages = {PART 1/--},
    volume = {105},
    url = {http://www.scopus.com/scopus/inward/record.url?eid=2-s2.0-0032644805&partnerID=40&rel=R6.5.0}
}

@inproceedings{Torres2010,
    title = {{Thermoeconomics meets industrial ecology}},
    year = {2010},
    booktitle = {Proceedings of the 23rd International Conference on Efficiency, Cost, Optimization, Simulation, and Environmental Impact of Energy Systems, ECOS 2010},
    author = {Torres, César and Us{\'{o}}n, Sergio and Valero, Antonio and Valero, Alicia},
    pages = {283--290},
    volume = {1},
    publisher = {Aabo Akademi University},
    url = {http://www.scopus.com/inward/record.url?eid=2-s2.0-84896080953&partnerID=tZOtx3y1},
    isbn = {9781456303006},
    keywords = {Exergy, Industrial ecology, Thermoeconomics, Waste treatment}
}

@incollection{Valero1989,
    title = {{Thermoeconomics: a new chapter of physics}},
    year = {1989},
    booktitle = {Analisis exergetica applicata a cetrali elettriche},
    author = {Valero, A},
    pages = {1--19},
    publisher = {ENEL. Centro Ricerca Termica e Nucleare},
    howpublished = {ENEL. Centro Ricerca Termica e Nucleare}
}

@phdthesis{Gaggioli1961,
    title = {{Thermoeoconomics and the Non-Equilibrium System}},
    year = {1961},
    author = {Gaggioli, R A},
    school = {Unversity of Wisconsin-Madison}
}

@misc{TRIP2012,
    title = {{Towards a low carbon transport in Europe, Communicating transport research and innovation}},
    year = {2012},
    author = {{TRIP Innovation Portal consortium on behalf of the European Commission's Directorate-General for Mobility and Transport DG MOVE}},
    url = {http://www.transport-research.info/Upload/Documents/201204/20120423_214705_81522_PB02_web.pdf}
}

@techreport{UNEP2009,
    title = {{Towards sustainable production and use of resources: assessing biofuels}},
    year = {2009},
    author = {Bringezu, Stefan and Sch�tz, Helmut and O�Brien, Meghan and Kauppi, Lea and Howarth, Robert W and McNeely, Jeff},
    institution = {UNEP}
}

@misc{Atsdr,
    title = {{Toxicological profile for n-hexane}},
    author = {{ATSDR}},
    institution = {U.S. Department of Health and Human Services, Public Health Service, Agency for Toxic Substances and Disease Registry}
}

@techreport{IEA2013,
    title = {{Tracking Clean energy Progress 2013. IEA input to the Clean Energy Ministerial}},
    year = {2013},
    author = {{IEA}},
    url = {http://iea.org/etp/tracking/},
    institution = {OECD/IEA}
}

@techreport{CIFOR2012,
    title = {{Transformations in EU biofuels markets under the Renewable Energy Directive and the implications for land use, trade and forests. Occasional Paper 78}},
    year = {2012},
    author = {Johnson, F X and Pacini, H and Smeets, E},
    url = {http://www.cifor.org/online-library/browse/view-publication/publication/3775.html},
    institution = {Center for International Forestry Research}
}

@inproceedings{Gateau2006,
    title = {{Twelve years of using 50{\%} RME fuel mixture in heavy trucks and light vehicles}},
    year = {2006},
    booktitle = {AEA 2006 Poitiers, Futuroscope, European Conference Alternative Energies for Automotive Industry},
    author = {Gateau, P}
}

@misc{Fertgas,
    title = {{Urea}},
    author = {{FERTGAS}},
    url = {http://www.fertgas.at/en/urea}
}

@unpublished{Rosen2005,
    title = {{Using manure and compost as nutrient sources for fruit and vegetable crops}},
    year = {2005},
    author = {Rosen, Carl J and Bierman, Peter M},
    url = {http://www.extension.umn.edu/distribution/horticulture/M1192.html}
}

@article{Yang2012513,
    title = {{Value-added uses for crude glycerol, a byproduct of biodiesel production}},
    year = {2012},
    journal = {Biotechnology for Biofuels},
    author = {Yang, Fangxia and Hanna, Milford A and Sun, Runcang},
    pages = {13},
    volume = {5},
    url = {http://www.biotechnologyforbiofuels.com/content/5/1/13}
}

@article{Freedman1984,
    title = {{Variables affecting the yields of fatty esters from transesterified vegetable oils}},
    year = {1984},
    journal = {Journal of the American Oil Chemists Society},
    author = {Freedman, B and Pryde, E H and Mounts, T L},
    number = {10},
    pages = {1638--1643},
    volume = {61},
    publisher = {Springer-Verlag},
    url = {http://dx.doi.org/10.1007/BF02541649},
    doi = {10.1007/BF02541649},
    issn = {0003-021X}
}

@misc{Fediol2013,
    title = {{Vegetable oils production, import, exports and consumption 2011 annual statistics, rev. Feb 2013}},
    year = {2013},
    author = {{FEDIOL}},
    url = {http://www.fediol.eu/data/1362407733Stat oils 2011rev feb2013.pdf}
}

@techreport{JEC2011,
    title = {{Well-to-Wheels analysis of future automotive fuels and powertrains in the European context}},
    year = {2011},
    author = {{JEC - Joint Research Centre-EUCAR-CONCAWE}},
    institution = {DG JRC, European Commission}
}

@article{Hall2009,
    title = {{What is the minimum EROI that a sustainable society must have?}},
    year = {2009},
    journal = {Energies},
    author = {Hall, Charles A S and Balogh, Stephen and Murphy, David J R},
    number = {1},
    pages = {25--47},
    volume = {2},
    url = {http://www.mdpi.com/1996-1073/2/1/25},
    doi = {10.3390/en20100025},
    issn = {1996-1073}
}

@misc{ACEA2008,
    title = {{Worldwide Fuel Charter (WWFC) biodiesel guidelines}},
    year = {2008},
    author = {{ACEA}},
    url = {http://www.acea.be/images/uploads/files/20080717_Proposed_WWFC_B100_Guideline_final_draft_June_2008.pdf}
}

@inproceedings{WWF2013,
    title = {{WWF's view on advanced biofuels in their 100 {\%} renewable energy vision}},
    year = {2013},
    booktitle = {AEBIOM European Bioenergy Conference 2013},
    author = {Luebbeke, Imke},
    organization = {AEBIOM}
}

@article{Verda2002,
    title = {{Zooming procedure for the thermoeconomic diagnosis of highly complex energy systems}},
    year = {2002},
    journal = {International Journal of Applied Thermodynamics},
    author = {Verda, V and Serra, L and Valero, A},
    number = {2},
    pages = {75--83},
    volume = {5},
    url = {http://www.scopus.com/scopus/inward/record.url?eid=2-s2.0-0036613333&partnerID=40&rel=R6.5.0}
}

@article{Valero1994279,
    title = {{{\{}CGAM{\}} problem: Definition and conventional solution}},
    year = {1994},
    journal = {Energy},
    author = {Valero, Antonio and Lozano, Miguel A and Serra, Luis and Tsatsaronis, George and Pisa, Javier and Frangopoulos, Christos and von Spakovsky, Michael R},
    number = {3},
    pages = {279--286},
    volume = {19},
    url = {http://www.sciencedirect.com/science/article/pii/0360544294901120},
    doi = {http://dx.doi.org/10.1016/0360-5442(94)90112-0},
    issn = {0360-5442}
}

@article{Rangel2005ThermoeconomicGenerator,
    title = {{Thermoeconomic Diagnosis of a Pulverized Coal-Fired Steam Generator}},
    year = {2005},
    journal = {ASME Conference Proceedings},
    author = {Rangel, V. and Zaleta, A. and Valero, A. and Torres, C.},
    number = {42118},
    month = {1},
    pages = {491--500},
    volume = {2005},
    doi = {10.1115/IMECE2005-81915}
}

@book{Uson2010ThermoeconomicSystems,
    title = {{Thermoeconomic Diagnosis of Energy Systems}},
    year = {2010},
    author = {Uson, Sergio and Valero, Antonio and Gil, Sergio Usón and Capilla, Antonio Valero},
    volume = {190},
    publisher = {Universidad de Zaragoza},
    url = {http://books.google.es/books?hl=es&lr=&id=-0C60w4aRzAC&oi=fnd&pg=PA7&ots=XLP-RHRN7-&sig=VUJLhE3o2Zclmr7085EjcDKY2Uc http://books.google.es/books?hl=es&lr=&id=-0C60w4aRzAC&oi=fnd&pg=PA7&ots=XLP-RHRN7-&sig=VUJLhE3o2Zclmr7085EjcDKY2Uc#v=onepage&q&f=false}
}

@article{Verda2002ThermoeconomicStructure,
    title = {{Thermoeconomic Diagnosis: Zooming Strategy Applied to Highly Complex Energy Systems — Part 2: On the Choice of the Productive Structure}},
    year = {2002},
    journal = {ASME Conference Proceedings},
    author = {Verda, Vittorio and Serra, Luis and Valero, Antonio},
    number = {36266},
    pages = {215--224},
    volume = {2002},
    url = {http://link.aip.org/link/abstract/ASMECP/v2002/i36266/p215/s1},
    doi = {10.1115/IMECE2002-33185}
}

@article{Guarinello2000ThermoeconomicSystem,
    title = {{Thermoeconomic evaluation of a gas turbine cogeneration system}},
    year = {2000},
    journal = {Energy Conversion and Management},
    author = {Guarinello, Flávio and Cerqueira, S. A A G and Nebra, Silvia A.},
    pages = {1191--1200},
    volume = {41},
    doi = {10.1016/S0196-8904(99)00083-7},
    issn = {01968904}
}

@incollection{Uson2013ThermoeconomicSystems,
    title = {{Thermoeconomic Evaluation of Biomass Conversion Systems}},
    year = {2013},
    author = {Us{\'{o}}n, Sergio and Kostowski, Wojciech J. and Kalina, Jacek},
    editor = {Ferreira, Germán},
    month = {1},
    pages = {69--91},
    series = {Advanced Structured Materials},
    publisher = {Springer Berlin Heidelberg},
    url = {http://link.springer.com/chapter/10.1007/978-3-642-40680-5_4 http://link.springer.com/chapter/10.1007%2F978-3-642-40680-5_4},
    isbn = {978-3-642-40679-9, 978-3-642-40680-5},
    language = {en}
}

@article{UsonThermoeconomicPark,
    title = {{Thermoeconomic Fuel Impact Approach for Assessing Resources Savings in Industrial Symbiosis: Application to Kalundborg Eco-industrial Park}},
    shorttitle = {Thermoeconomic Fuel Impact Approach for Assessing },
    author = {Us{\'{o}}n, Sergio and Valero, Antonio and Valero, Alicia and Costa, Jorge},
    url = {http://ecos2012.org/public/proceedings/pdf/TEAO/TEAO_ecos2012_256.pdf}
}

@article{Alej1998TowardsRiver,
    title = {{Towards a unified measure of renewable resources availability: the exergy method applied to the water of a river}},
    shorttitle = {Towards a unified measure of renewable resources a},
    year = {1998},
    journal = {Energy Conversion and Management},
    author = {{Alej} and Zaleta-Aguilar, Ro and Ranz, Lidia and Valero, Antonio},
    number = {16-18},
    month = {12},
    pages = {1911--1917},
    volume = {39},
    url = {http://www.sciencedirect.com/science?_ob=ArticleURL&_udi=B6V2P-3V54JTS-14&_user=10&_coverDate=12%2F31%2F1998&_alid=897257530&_rdoc=4&_fmt=high&_orig=search&_cdi=5708&_sort=d&_docanchor=&view=c&_ct=5&_acct=C000050221&_version=1&_urlVersion=0&_userid=10&md5},
    isbn = {0196-8904},
    doi = {10.1016/S0196-8904(98)00091-0},
    issn = {01968904}
}

@misc{CenterforHistoryandNewMediaZoteroGuide,
    title = {{Zotero Quick Start Guide}},
    author = {{Center for History and New Media}},
    url = {http://zotero.org/support/quick_start_guide}
}